
<record>
  <leader>05570cam a2200493 i 4500</leader>
  <controlfield tag="005">20190715211654.0</controlfield>
  <controlfield tag="008">130509s2014    nyua          001 0 eng  </controlfield>
  <controlfield tag="001">991006717469703811</controlfield>
  <datafield tag="010" ind1=" " ind2=" ">
    <subfield code="a">2013018764</subfield>
  </datafield>
  <datafield tag="020" ind1=" " ind2=" ">
    <subfield code="a">9780765636065</subfield>
    <subfield code="q">(paperback)</subfield>
    <subfield code="q">(alkaline paper)</subfield>
  </datafield>
  <datafield tag="020" ind1=" " ind2=" ">
    <subfield code="a">0765636069</subfield>
    <subfield code="q">(paperback)</subfield>
    <subfield code="q">(alkaline paper)</subfield>
  </datafield>
  <datafield tag="035" ind1=" " ind2=" ">
    <subfield code="a">(PPT)b5708807x-01tuli_inst</subfield>
  </datafield>
  <datafield tag="035" ind1=" " ind2=" ">
    <subfield code="a">(OCoLC)ocn904582682</subfield>
    <subfield code="9">ExL</subfield>
  </datafield>
  <datafield tag="035" ind1=" " ind2=" ">
    <subfield code="a">(OCoLC)843037540</subfield>
    <subfield code="z">(OCoLC)842884482</subfield>
    <subfield code="z">(OCoLC)875260997</subfield>
  </datafield>
  <datafield tag="035" ind1=" " ind2=" ">
    <subfield code="a">ocn843037540</subfield>
  </datafield>
  <datafield tag="035" ind1=" " ind2=" ">
    <subfield code="a">(OCLC)ocn843037540</subfield>
  </datafield>
  <datafield tag="040" ind1=" " ind2=" ">
    <subfield code="a">DLC</subfield>
    <subfield code="b">eng</subfield>
    <subfield code="e">rda</subfield>
    <subfield code="c">DLC</subfield>
    <subfield code="d">YDX</subfield>
    <subfield code="d">YDXCP</subfield>
    <subfield code="d">UKMGB</subfield>
    <subfield code="d">OCLCF</subfield>
    <subfield code="d">AU@</subfield>
    <subfield code="d">PPT</subfield>
  </datafield>
  <datafield tag="042" ind1=" " ind2=" ">
    <subfield code="a">pcc</subfield>
  </datafield>
  <datafield tag="079" ind1=" " ind2=" ">
    <subfield code="a">ocn843037540</subfield>
  </datafield>
  <datafield tag="090" ind1=" " ind2=" ">
    <subfield code="a">HF5814</subfield>
    <subfield code="b">.J77 2014</subfield>
  </datafield>
  <datafield tag="100" ind1="1" ind2=" ">
    <subfield code="a">Jugenheimer, Donald W.</subfield>
    <subfield code="0">http://id.loc.gov/authorities/names/n79055683</subfield>
  </datafield>
  <datafield tag="245" ind1="1" ind2="0">
    <subfield code="a">Advertising and public relations research /</subfield>
    <subfield code="c">Donald W. Jugenheimer, Larry D. Kelley, Jerry Hudson, Samuel D. Bradley.</subfield>
  </datafield>
  <datafield tag="250" ind1=" " ind2=" ">
    <subfield code="a">Second edition.</subfield>
  </datafield>
  <datafield tag="264" ind1=" " ind2="1">
    <subfield code="a">Armonk, New York :</subfield>
    <subfield code="b">M.E. Sharpe,</subfield>
    <subfield code="c">[2014]</subfield>
  </datafield>
  <datafield tag="300" ind1=" " ind2=" ">
    <subfield code="a">viii, 367 pages :</subfield>
    <subfield code="b">illustrations ;</subfield>
    <subfield code="c">24 cm</subfield>
  </datafield>
  <datafield tag="336" ind1=" " ind2=" ">
    <subfield code="a">text</subfield>
    <subfield code="2">rdacontent</subfield>
  </datafield>
  <datafield tag="337" ind1=" " ind2=" ">
    <subfield code="a">unmediated</subfield>
    <subfield code="2">rdamedia</subfield>
  </datafield>
  <datafield tag="338" ind1=" " ind2=" ">
    <subfield code="a">volume</subfield>
    <subfield code="2">rdacarrier</subfield>
  </datafield>
  <datafield tag="504" ind1=" " ind2=" ">
    <subfield code="a">Includes bibliographical references and index.</subfield>
  </datafield>
  <datafield tag="520" ind1=" " ind2=" ">
    <subfield code="a">Advertising and Public Relations Research is designed to serve as a comprehensive, primary text for research methods courses in Advertising and/or Public Relations programs. To fit the purpose of most undergraduate and masters'-level courses, the book concentrates on the uses and applications of research in advertising and public relations situations. Although the design and conduct of research is covered in ample detail, the primary goal of the book is not to make researchers of the readers themselves. Instead, the authors' goal is to provide the information needed by future practitioners to commission and apply research to their work problems in advertising and public relations. Advertising and Public Relations Research has been carefully crafted to enhance learning and comprehension. Each chapter begins with a bullet-point list of learning objectives. The text material (supplemented by plentiful exhibits) features the authors' clear, readable writing and applied orientation. Chapters conclude with a brief summary, discussion questions to help expand and test students' comprehension, suggested research exercises, and sources for additional information. Key Changes in the Second Edition, The new edition of Advertising and Public Relations Research features several new chapters as well as deeper content in existing areas based on feedback from students, instructors, and practitioners. New coverage includes: A new chapter devoted to focus groups, A new chapter on in-depth interviews A new chapter on content analysis, Greatly expanded chapters covering all forms of qualitative research, Updated examples and case studies throughout the book, This edition also features a first-ever Instructor's Manual, which includes a detailed chapter guide, PowerPoint slides, and sample test questions for each chapter. Book jacket.</subfield>
  </datafield>
  <datafield tag="505" ind1="0" ind2=" ">
    <subfield code="a">Machine generated contents note: pt. I Introduction to Advertising and Public Relations Research -- 1.Needs for Research in Advertising and Public Relations -- 2.Some Research Definitions -- 3.Planning and Using Research -- 4.Designing Research -- pt. II Secondary Research in Advertising and Public Relations -- 5.Introduction to Secondary Research -- 6.Syndicated Research -- 7.Online Resources -- 8.Other Useful Resources -- pt. III Primary Research in Advertising and Public Relations: Qualitative Research -- 9.Uses of Qualitative Research -- 10.Focus Groups -- 11.Content Analysis -- 12.In-depth Interviews -- 13.Other Qualitative Methods -- 14.How Qualitative Research Can Enhance Quantitative Research -- 15.Handling Qualitative Findings -- pt. IV Primary Research in Advertising and Public Relations: Quantitative Research -- 16.Empirical Research: Survey Research -- 17.Sampling -- 18.Measuring Instruments -- 19.Question Wording -- 20.Interviewer Training --</subfield>
  </datafield>
  <datafield tag="505" ind1="0" ind2=" ">
    <subfield code="a">Contents note continued: 21.Obtaining Accurate Responses -- 22.Data Tabulation -- 23.Applications of Quantitative Research -- 24.Experimental Research -- 25.Experimental Approaches -- 26.Quasi-Experimental Research -- 27.Experimental Applications in Advertising and Public Relations -- pt. V Primary Research in Advertising and Public Relations: Other Research Methods -- 28.Historical and Legal Research and Critical Analysis -- pt. VI Advertising and Public Relations Research Data Analysis -- 29.Handling Data -- 30.Scaling Techniques -- 31.Mapping Techniques -- 32.Statistics -- 33.Statistical Analytic Tools -- pt. VII Practical Aspects of Advertising and Public Relations Research -- 34.Who Should Conduct Research? -- 35.Applying Research to Advertising and Public Relations Situations -- 36.The Research Report -- 37.Ethics in Research.</subfield>
  </datafield>
  <datafield tag="650" ind1=" " ind2="0">
    <subfield code="a">Advertising</subfield>
    <subfield code="x">Research.</subfield>
    <subfield code="0">http://id.loc.gov/authorities/subjects/sh85001165</subfield>
  </datafield>
  <datafield tag="650" ind1=" " ind2="7">
    <subfield code="a">Advertising</subfield>
    <subfield code="x">Research.</subfield>
    <subfield code="2">fast</subfield>
    <subfield code="0">http://id.worldcat.org/fast/797745</subfield>
  </datafield>
  <datafield tag="650" ind1=" " ind2="0">
    <subfield code="a">Public relations</subfield>
    <subfield code="0">http://id.loc.gov/authorities/subjects/sh85108753</subfield>
    <subfield code="x">Research.</subfield>
    <subfield code="0">http://id.loc.gov/authorities/subjects/sh2002006576</subfield>
  </datafield>
  <datafield tag="650" ind1=" " ind2="7">
    <subfield code="a">Public relations</subfield>
    <subfield code="x">Research.</subfield>
    <subfield code="2">fast</subfield>
    <subfield code="0">http://id.worldcat.org/fast/1082916</subfield>
  </datafield>
  <datafield tag="650" ind1=" " ind2="7">
    <subfield code="a">Public relations.</subfield>
    <subfield code="2">fast</subfield>
    <subfield code="0">http://id.worldcat.org/fast/1082892</subfield>
  </datafield>
  <datafield tag="902" ind1=" " ind2=" ">
    <subfield code="a">MARCIVE-BF 20190703</subfield>
  </datafield>
  <datafield tag="903" ind1=" " ind2=" ">
    <subfield code="a">MARCIVE-TOC201904</subfield>
  </datafield>
  <datafield tag="904" ind1=" " ind2=" ">
    <subfield code="a">MARCIVE 20200629</subfield>
  </datafield>
  <datafield tag="907" ind1=" " ind2=" ">
    <subfield code="a">.b5708807x</subfield>
    <subfield code="b">p    </subfield>
    <subfield code="c">-</subfield>
  </datafield>
  <datafield tag="945" ind1=" " ind2=" ">
    <subfield code="l">pstk </subfield>
    <subfield code="g">1</subfield>
  </datafield>
  <datafield tag="979" ind1=" " ind2=" ">
    <subfield code="a">ocn843037540</subfield>
  </datafield>
  <datafield tag="998" ind1=" " ind2=" ">
    <subfield code="b">5</subfield>
    <subfield code="c">150223</subfield>
    <subfield code="d">m</subfield>
    <subfield code="e">a</subfield>
    <subfield code="f">-</subfield>
    <subfield code="g">0</subfield>
  </datafield>
  <datafield tag="998" ind1=" " ind2=" ">
    <subfield code="a">02/23/14</subfield>
    <subfield code="s">LC</subfield>
    <subfield code="c">RM</subfield>
  </datafield>
  <datafield tag="ADM" ind1=" " ind2=" ">
    <subfield code="b">2020-07-16 08:37:32</subfield>
    <subfield code="e">b5708807x-01tuli_inst</subfield>
    <subfield code="d">MARCIVE</subfield>
    <subfield code="f">20190608035834.0</subfield>
    <subfield code="a">2017-06-20 14:14:00</subfield>
    <subfield code="c">false</subfield>
  </datafield>
  <datafield tag="HLD" ind1="0" ind2=" ">
    <subfield code="b">MAIN</subfield>
    <subfield code="c">stacks</subfield>
    <subfield code="h">HF5814</subfield>
    <subfield code="i">.J77 2014</subfield>
    <subfield code="8">22330194120003811</subfield>
    <subfield code="created">2017-06-20 14:14:00</subfield>
  </datafield>
  <datafield tag="HLD" ind1="0" ind2=" ">
    <subfield code="b">ASRS</subfield>
    <subfield code="c">ASRS</subfield>
    <subfield code="h"> HF5814 </subfield>
    <subfield code="i"> .J77 2014 </subfield>
    <subfield code="8">22465334770003811</subfield>
    <subfield code="updated">2019-05-03 21:11:36</subfield>
    <subfield code="created">2019-05-03 21:11:31</subfield>
  </datafield>
  <datafield tag="ITM" ind1=" " ind2=" ">
    <subfield code="r">22330194120003811</subfield>
    <subfield code="b">1</subfield>
    <subfield code="h">0</subfield>
    <subfield code="g">stacks</subfield>
    <subfield code="t">BOOK</subfield>
    <subfield code="9">39074029748811</subfield>
    <subfield code="e">stacks</subfield>
    <subfield code="8">23330194110003811</subfield>
    <subfield code="a">0</subfield>
    <subfield code="i">HF5814 .J77 2014</subfield>
    <subfield code="updated">2020-03-09 21:23:01</subfield>
    <subfield code="q">2017-06-20 14:14:00</subfield>
    <subfield code="d">MAIN</subfield>
    <subfield code="f">MAIN</subfield>
  </datafield>
  <datafield tag="ITM" ind1=" " ind2=" ">
    <subfield code="r">22465334770003811</subfield>
    <subfield code="b">1</subfield>
    <subfield code="h">0</subfield>
    <subfield code="g">reserve</subfield>
    <subfield code="t">BOOK</subfield>
    <subfield code="9">39074026880005</subfield>
    <subfield code="e">ASRS</subfield>
    <subfield code="8">23330194100003811</subfield>
    <subfield code="a">0</subfield>
    <subfield code="i">HF5814 .J77 2014</subfield>
    <subfield code="updated">2020-01-11 16:20:42</subfield>
    <subfield code="q">2017-06-20 14:14:00</subfield>
    <subfield code="d">ASRS</subfield>
    <subfield code="p">2017-12-22 16:42:46</subfield>
    <subfield code="f">MAIN</subfield>
  </datafield>
  <datafield tag="ITM" ind1=" " ind2=" ">
    <subfield code="r">22330194120003811</subfield>
    <subfield code="b">1</subfield>
    <subfield code="h">0</subfield>
    <subfield code="g">stacks</subfield>
    <subfield code="t">BOOK</subfield>
    <subfield code="9">39074031726573</subfield>
    <subfield code="e">stacks</subfield>
    <subfield code="8">23441257460003811</subfield>
    <subfield code="a">0</subfield>
    <subfield code="i">HF5814 .J77 2014</subfield>
    <subfield code="updated">2020-03-09 16:26:10</subfield>
    <subfield code="q">2019-01-16 19:43:14</subfield>
    <subfield code="d">MAIN</subfield>
    <subfield code="f">MAIN</subfield>
  </datafield>
</record>