
<record>
  <leader>06640cam a2200577 a 4500</leader>
  <controlfield tag="005">20190715212138.0</controlfield>
  <controlfield tag="008">060214s2005    enka   f b    001 0 eng d</controlfield>
  <controlfield tag="001">991007238449703811</controlfield>
  <datafield tag="010" ind1=" " ind2=" ">
    <subfield code="a">2006295416</subfield>
  </datafield>
  <datafield tag="020" ind1=" " ind2=" ">
    <subfield code="a">0521829313</subfield>
    <subfield code="q">hardback</subfield>
  </datafield>
  <datafield tag="020" ind1=" " ind2=" ">
    <subfield code="a">0521536200</subfield>
    <subfield code="q">paperback</subfield>
  </datafield>
  <datafield tag="024" ind1="3" ind2=" ">
    <subfield code="a">9780521829311 (hbk.)</subfield>
  </datafield>
  <datafield tag="024" ind1="3" ind2=" ">
    <subfield code="a">9780521536202 (pbk.)</subfield>
  </datafield>
  <datafield tag="035" ind1=" " ind2=" ">
    <subfield code="a">(PPT)b28924745-01tuli_inst</subfield>
  </datafield>
  <datafield tag="035" ind1=" " ind2=" ">
    <subfield code="a">ocn490830761</subfield>
    <subfield code="9">ExL</subfield>
  </datafield>
  <datafield tag="035" ind1=" " ind2=" ">
    <subfield code="a">PPTb28924745</subfield>
  </datafield>
  <datafield tag="035" ind1=" " ind2=" ">
    <subfield code="a">ocm58555755</subfield>
  </datafield>
  <datafield tag="035" ind1=" " ind2=" ">
    <subfield code="a">(OCLC)ocm58555755</subfield>
  </datafield>
  <datafield tag="040" ind1=" " ind2=" ">
    <subfield code="a">UKM</subfield>
    <subfield code="b">eng</subfield>
    <subfield code="c">UKM</subfield>
    <subfield code="d">BAKER</subfield>
    <subfield code="d">BWKUK</subfield>
    <subfield code="d">DLC</subfield>
    <subfield code="d">PPT</subfield>
  </datafield>
  <datafield tag="042" ind1=" " ind2=" ">
    <subfield code="a">lccopycat</subfield>
  </datafield>
  <datafield tag="079" ind1=" " ind2=" ">
    <subfield code="a">ocm58555755</subfield>
  </datafield>
  <datafield tag="090" ind1=" " ind2=" ">
    <subfield code="a">JC423</subfield>
    <subfield code="b">.N484x 2005</subfield>
  </datafield>
  <datafield tag="100" ind1="1" ind2=" ">
    <subfield code="a">Newton, Kenneth,</subfield>
    <subfield code="d">1940-</subfield>
    <subfield code="0">http://id.loc.gov/authorities/names/n50006417</subfield>
  </datafield>
  <datafield tag="245" ind1="1" ind2="0">
    <subfield code="a">Foundations of comparative politics :</subfield>
    <subfield code="b">democracies of the modern world /</subfield>
    <subfield code="c">Ken Newton and Jan W. Van Deth.</subfield>
  </datafield>
  <datafield tag="264" ind1=" " ind2="1">
    <subfield code="a">Cambridge, UK ;</subfield>
    <subfield code="a">New York :</subfield>
    <subfield code="b">Cambridge University Press,</subfield>
    <subfield code="c">2005.</subfield>
  </datafield>
  <datafield tag="300" ind1=" " ind2=" ">
    <subfield code="a">xxviii, 374 pages :</subfield>
    <subfield code="b">illustrations ;</subfield>
    <subfield code="c">26 cm.</subfield>
  </datafield>
  <datafield tag="336" ind1=" " ind2=" ">
    <subfield code="a">text</subfield>
    <subfield code="b">txt</subfield>
    <subfield code="2">rdacontent</subfield>
  </datafield>
  <datafield tag="337" ind1=" " ind2=" ">
    <subfield code="a">unmediated</subfield>
    <subfield code="b">n</subfield>
    <subfield code="2">rdamedia</subfield>
  </datafield>
  <datafield tag="338" ind1=" " ind2=" ">
    <subfield code="a">volume</subfield>
    <subfield code="b">nc</subfield>
    <subfield code="2">rdacarrier</subfield>
  </datafield>
  <datafield tag="490" ind1="1" ind2=" ">
    <subfield code="a">Cambridge textbooks in comparative politics.</subfield>
  </datafield>
  <datafield tag="504" ind1=" " ind2=" ">
    <subfield code="a">Includes bibliographical references and indexes.</subfield>
  </datafield>
  <datafield tag="520" ind1=" " ind2=" ">
    <subfield code="a">This authoritative new introductory text covers the key concepts, theories and issues involved in the study of comparative politics. Focussing on democratic government, it covers all important topics in the field from constitutional design and institutions, through mass and elite politics, groups, parties, the media and governments, to policy making and implementation. The final chapter considers the future of the state and democracy in a globalising world. The authors draw on experiences and examples from around the world, and the book includes extensive supporting apparatus for students and teachers, including briefings, fact files, key terms, guides to further reading, and related websites. Each chapter ends with a section dealing with the major theoretical approaches to the subject. The aim is to give students a clear and comprehensive account of democratic politics and government at the start of the twenty-first century.</subfield>
  </datafield>
  <datafield tag="505" ind1="0" ind2=" ">
    <subfield code="a">The state: origins and development -- The development of the modern state -- What is a state? -- Territory, people and sovereignty -- The rise of the modern state -- State theories -- The democratic state -- The modern state and democracy -- Democracy and the rise of democratic states -- Redistribution and the welfare state -- Why study states? -- Theories of state and society -- The polity: structures and institutions -- Constitutions -- What a constitution is, and why we have them -- The division of powers -- The limits of constitutionalism -- Constitutional and institutional theories -- Presidential and parliamentary government -- Presidential systems -- Parliamentary systems -- Semi-presidential systems -- Presidential, parliamentary and semi-presidential systems compared -- Theories of parliamentary, presidential and semi-presidential government -- Multi-level government: international, national and sub-national -- Supra-national and international government -- The national level: federal and unitary states -- The interplay of multi-level government: the case of the European Union -- The arguments for and against centralisation and decentralisation -- Theories of multi-level government -- Policy making and legislating: executives and legislatures -- Making laws: executives and legislatures -- The functions of legislatures -- Theories of democratic institutions: consensus and majoritarian systems -- Implementation: the public bureaucracy -- The organisation of the state bureaucracy -- Policy making and administration -- The dictatorship of the official? -- The New Public Management: reinventing government -- Theories of public bureaucracy -- Citizens, elites and interest mediation -- Political attitudes and behaviour -- Political attitudes -- Political behaviour -- Theories of political attitudes and behaviour -- Pressure groups and social movements -- Political connections -- Pressure groups and social movements in action -- Determinants of power -- Corporatism, para-government and tri-partism/pluralism -- International NGOs -- Groups, pressure groups and democracy -- Theories of voluntary organisations -- The mass media -- The mass media and democracy -- Regulating the media -- Ownership and control -- The impact of the new media technology: globalisation and E-politics -- Theories of the mass media -- Voters and elections -- Elections -- Party voting -- Theories of voting -- Party government -- Party organisation -- New parties and movements -- Party systems and party families -- Coalition government -- Coalitions and government effectiveness -- Theories of parties -- Policies and performance -- Political ideologies: conservatism, liberalism, Christian democracy and socialism -- The nature of ideology -- Six democratic ideologies -- Theories of ideology -- Decision making -- Public policies: their nature and importance -- The public policy cycle -- Public policy structures -- Theories of decision making -- Defence and security -- The state and security -- Defence and national security -- Internal law and order -- Other forms of protection -- The limitations of state security -- Theories of security and conflict -- Welfare -- Welfare states and redistribution -- Social security -- Pensions and health programmes -- Social security and taxation -- Theories of the welfare state -- The future of the democratic state -- States and sovereignty -- The retreat of the state? -- Democracy without borders -- The future.</subfield>
  </datafield>
  <datafield tag="650" ind1=" " ind2="0">
    <subfield code="a">Comparative government.</subfield>
    <subfield code="0">http://id.loc.gov/authorities/subjects/sh85029298</subfield>
  </datafield>
  <datafield tag="650" ind1=" " ind2="7">
    <subfield code="a">Comparative government.</subfield>
    <subfield code="2">fast</subfield>
    <subfield code="0">http://id.worldcat.org/fast/871341</subfield>
  </datafield>
  <datafield tag="650" ind1=" " ind2="0">
    <subfield code="a">Representative government and representation.</subfield>
    <subfield code="0">http://id.loc.gov/authorities/subjects/sh85112947</subfield>
  </datafield>
  <datafield tag="650" ind1=" " ind2="7">
    <subfield code="a">Representative government and representation.</subfield>
    <subfield code="2">fast</subfield>
    <subfield code="0">http://id.worldcat.org/fast/1094941</subfield>
  </datafield>
  <datafield tag="700" ind1="1" ind2=" ">
    <subfield code="a">Deth, Jan W. van.</subfield>
    <subfield code="0">http://id.loc.gov/authorities/names/n90686582</subfield>
  </datafield>
  <datafield tag="830" ind1=" " ind2="0">
    <subfield code="a">Cambridge textbooks in comparative politics</subfield>
    <subfield code="0">http://id.loc.gov/authorities/names/no2006010786</subfield>
  </datafield>
  <datafield tag="902" ind1=" " ind2=" ">
    <subfield code="a">151016</subfield>
  </datafield>
  <datafield tag="902" ind1=" " ind2=" ">
    <subfield code="a">MARCIVE-BF 20190703</subfield>
  </datafield>
  <datafield tag="903" ind1=" " ind2=" ">
    <subfield code="a">MARCIVE-TOC201904</subfield>
  </datafield>
  <datafield tag="904" ind1=" " ind2=" ">
    <subfield code="a">MARCIVE 20190703</subfield>
  </datafield>
  <datafield tag="907" ind1=" " ind2=" ">
    <subfield code="a">.b28924745</subfield>
    <subfield code="b">multi</subfield>
    <subfield code="c">-</subfield>
  </datafield>
  <datafield tag="915" ind1=" " ind2=" ">
    <subfield code="a">56767</subfield>
  </datafield>
  <datafield tag="915" ind1=" " ind2=" ">
    <subfield code="a">(OCoLC)ocm58555755</subfield>
  </datafield>
  <datafield tag="945" ind1=" " ind2=" ">
    <subfield code="l">jtcas</subfield>
    <subfield code="a">JC 423 .N484 2005</subfield>
    <subfield code="g">1</subfield>
  </datafield>
  <datafield tag="945" ind1=" " ind2=" ">
    <subfield code="l">pstk </subfield>
    <subfield code="g">1</subfield>
  </datafield>
  <datafield tag="979" ind1=" " ind2=" ">
    <subfield code="a">ocm58555755</subfield>
  </datafield>
  <datafield tag="998" ind1=" " ind2=" ">
    <subfield code="b">3</subfield>
    <subfield code="c">060302</subfield>
    <subfield code="d">m</subfield>
    <subfield code="e">a</subfield>
    <subfield code="f">-</subfield>
    <subfield code="g">0</subfield>
  </datafield>
  <datafield tag="998" ind1=" " ind2=" ">
    <subfield code="a">03/02/06</subfield>
    <subfield code="s">LC</subfield>
    <subfield code="c">MW</subfield>
  </datafield>
  <datafield tag="ADM" ind1=" " ind2=" ">
    <subfield code="b">2019-07-16 01:21:38</subfield>
    <subfield code="e">b28924745-01tuli_inst</subfield>
    <subfield code="d">MARCIVE</subfield>
    <subfield code="f">20190607145624.0</subfield>
    <subfield code="a">2017-06-20 07:26:16</subfield>
    <subfield code="c">false</subfield>
  </datafield>
  <datafield tag="HLD" ind1="0" ind2=" ">
    <subfield code="b">JAPAN</subfield>
    <subfield code="c">stacks</subfield>
    <subfield code="h">JC 423 .N484 2005</subfield>
    <subfield code="8">22266507860003811</subfield>
    <subfield code="updated">2017-10-10 16:24:34</subfield>
    <subfield code="created">2017-06-20 07:26:16</subfield>
  </datafield>
  <datafield tag="HLD" ind1="0" ind2=" ">
    <subfield code="b">ASRS</subfield>
    <subfield code="c">ASRS</subfield>
    <subfield code="h"> JC423 </subfield>
    <subfield code="i"> .N484x 2005 </subfield>
    <subfield code="8">22464036830003811</subfield>
    <subfield code="updated">2019-05-01 21:25:41</subfield>
    <subfield code="created">2019-05-01 21:25:36</subfield>
  </datafield>
  <datafield tag="ITM" ind1=" " ind2=" ">
    <subfield code="r">22464036830003811</subfield>
    <subfield code="b">1</subfield>
    <subfield code="h">0</subfield>
    <subfield code="g">ASRS</subfield>
    <subfield code="t">BOOK</subfield>
    <subfield code="9">39074025198417</subfield>
    <subfield code="e">ASRS</subfield>
    <subfield code="8">23266507820003811</subfield>
    <subfield code="a">0</subfield>
    <subfield code="i">JC423 .N484x 2005</subfield>
    <subfield code="updated">2020-08-28 16:49:16</subfield>
    <subfield code="q">2017-06-20 07:26:16</subfield>
    <subfield code="d">ASRS</subfield>
    <subfield code="f">ASRS</subfield>
  </datafield>
  <datafield tag="ITM" ind1=" " ind2=" ">
    <subfield code="r">22266507860003811</subfield>
    <subfield code="b">1</subfield>
    <subfield code="h">0</subfield>
    <subfield code="g">stacks</subfield>
    <subfield code="t">BOOK</subfield>
    <subfield code="9">31982070388550</subfield>
    <subfield code="e">stacks</subfield>
    <subfield code="8">23266507850003811</subfield>
    <subfield code="a">0</subfield>
    <subfield code="i">JC 423 .N484 2005</subfield>
    <subfield code="updated">2019-11-27 02:25:49</subfield>
    <subfield code="q">2017-06-20 07:26:16</subfield>
    <subfield code="d">JAPAN</subfield>
    <subfield code="f">JAPAN</subfield>
  </datafield>
</record>