
<record>
  <leader>02505pam a22004934a 4500</leader>
  <controlfield tag="005">20190715214839.0</controlfield>
  <controlfield tag="008">050525s2006    enkab    b    001 0 eng  </controlfield>
  <controlfield tag="001">991011880759703811</controlfield>
  <datafield tag="010" ind1=" " ind2=" ">
    <subfield code="a">2005049871</subfield>
  </datafield>
  <datafield tag="020" ind1=" " ind2=" ">
    <subfield code="a">0195187962</subfield>
    <subfield code="q">paperback</subfield>
  </datafield>
  <datafield tag="024" ind1="3" ind2=" ">
    <subfield code="a">9780195187960</subfield>
  </datafield>
  <datafield tag="035" ind1=" " ind2=" ">
    <subfield code="a">(PPT)b29881201-01tuli_inst</subfield>
  </datafield>
  <datafield tag="035" ind1=" " ind2=" ">
    <subfield code="a">(OCoLC)ocn490923219</subfield>
    <subfield code="9">ExL</subfield>
  </datafield>
  <datafield tag="035" ind1=" " ind2=" ">
    <subfield code="a">DLCOCM60550603</subfield>
  </datafield>
  <datafield tag="035" ind1=" " ind2=" ">
    <subfield code="a">ocm60550603</subfield>
  </datafield>
  <datafield tag="035" ind1=" " ind2=" ">
    <subfield code="a">(OCLC)ocm60550603</subfield>
  </datafield>
  <datafield tag="040" ind1=" " ind2=" ">
    <subfield code="a">DLC</subfield>
    <subfield code="b">eng</subfield>
    <subfield code="c">DLC</subfield>
    <subfield code="d">BAKER</subfield>
    <subfield code="d">C#P</subfield>
  </datafield>
  <datafield tag="042" ind1=" " ind2=" ">
    <subfield code="a">pcc</subfield>
  </datafield>
  <datafield tag="079" ind1=" " ind2=" ">
    <subfield code="a">ocm60550603</subfield>
  </datafield>
  <datafield tag="090" ind1=" " ind2=" ">
    <subfield code="a">P40</subfield>
    <subfield code="b">.M33 2006</subfield>
  </datafield>
  <datafield tag="100" ind1="1" ind2=" ">
    <subfield code="a">Macaulay, Ronald K. S.</subfield>
    <subfield code="0">http://id.loc.gov/authorities/names/n80056635</subfield>
  </datafield>
  <datafield tag="245" ind1="1" ind2="4">
    <subfield code="a">The social art :</subfield>
    <subfield code="b">language and its uses /</subfield>
    <subfield code="c">Ronald Macaulay.</subfield>
  </datafield>
  <datafield tag="250" ind1=" " ind2=" ">
    <subfield code="a">Second edition.</subfield>
  </datafield>
  <datafield tag="264" ind1=" " ind2="1">
    <subfield code="a">Oxford ;</subfield>
    <subfield code="a">New York :</subfield>
    <subfield code="b">Oxford University Press,</subfield>
    <subfield code="c">2006.</subfield>
  </datafield>
  <datafield tag="300" ind1=" " ind2=" ">
    <subfield code="a">xii, 244 pages :</subfield>
    <subfield code="b">illustrations, map ;</subfield>
    <subfield code="c">24 cm</subfield>
  </datafield>
  <datafield tag="336" ind1=" " ind2=" ">
    <subfield code="a">text</subfield>
    <subfield code="b">txt</subfield>
    <subfield code="2">rdacontent</subfield>
  </datafield>
  <datafield tag="337" ind1=" " ind2=" ">
    <subfield code="a">unmediated</subfield>
    <subfield code="b">n</subfield>
    <subfield code="2">rdamedia</subfield>
  </datafield>
  <datafield tag="338" ind1=" " ind2=" ">
    <subfield code="a">volume</subfield>
    <subfield code="b">nc</subfield>
    <subfield code="2">rdacarrier</subfield>
  </datafield>
  <datafield tag="504" ind1=" " ind2=" ">
    <subfield code="a">Includes bibliographical references (pages 227-233) and index.</subfield>
  </datafield>
  <datafield tag="520" ind1=" " ind2=" ">
    <subfield code="a">The Social Art is an engagingly written, highly accessible tour through the world of languages. Macaulay uses jokes, anecdotes, quotations, and examples to introduce readers to the full range of current linguistic knowledge, covering in 35 chapters, topics like language acquisition, phonology, morphology, syntax, semantics, dialects, conversation, narrative, swearing, and many others. In this revised and expanded second edition, Macaulay brings the book up to date with the last decade of progress in linguistics, adding more American examples, and updating bibliographies. Two new chapters have been added, on theories of language development and on the evolution of language. The Social Art is perfect for general readers and students who want to learn about what it is that linguists do.</subfield>
  </datafield>
  <datafield tag="650" ind1=" " ind2="0">
    <subfield code="a">Sociolinguistics.</subfield>
    <subfield code="0">http://id.loc.gov/authorities/subjects/sh85124195</subfield>
  </datafield>
  <datafield tag="650" ind1=" " ind2="7">
    <subfield code="a">Sociolinguistics.</subfield>
    <subfield code="2">fast</subfield>
    <subfield code="0">http://id.worldcat.org/fast/1123847</subfield>
  </datafield>
  <datafield tag="650" ind1=" " ind2="0">
    <subfield code="a">Language and languages.</subfield>
    <subfield code="0">http://id.loc.gov/authorities/subjects/sh85074518</subfield>
  </datafield>
  <datafield tag="650" ind1=" " ind2="7">
    <subfield code="a">Language and languages.</subfield>
    <subfield code="2">fast</subfield>
    <subfield code="0">http://id.worldcat.org/fast/992154</subfield>
  </datafield>
  <datafield tag="901" ind1=" " ind2=" ">
    <subfield code="a">BNA</subfield>
  </datafield>
  <datafield tag="901" ind1=" " ind2=" ">
    <subfield code="a">R7553362</subfield>
  </datafield>
  <datafield tag="902" ind1=" " ind2=" ">
    <subfield code="a">060208AB0701</subfield>
  </datafield>
  <datafield tag="902" ind1=" " ind2=" ">
    <subfield code="a">MARCIVE-BF 20190703</subfield>
  </datafield>
  <datafield tag="903" ind1=" " ind2=" ">
    <subfield code="a">MARCIVE-TOC201904</subfield>
  </datafield>
  <datafield tag="904" ind1=" " ind2=" ">
    <subfield code="a">MARCIVE 20190703</subfield>
  </datafield>
  <datafield tag="907" ind1=" " ind2=" ">
    <subfield code="a">.b29881201</subfield>
    <subfield code="b">p    </subfield>
    <subfield code="c">-</subfield>
  </datafield>
  <datafield tag="945" ind1=" " ind2=" ">
    <subfield code="l">pstk </subfield>
    <subfield code="g">1</subfield>
  </datafield>
  <datafield tag="979" ind1=" " ind2=" ">
    <subfield code="a">ocm60550603</subfield>
  </datafield>
  <datafield tag="998" ind1=" " ind2=" ">
    <subfield code="b">0</subfield>
    <subfield code="c">060317</subfield>
    <subfield code="d">m</subfield>
    <subfield code="e">a</subfield>
    <subfield code="f">-</subfield>
    <subfield code="g">4</subfield>
  </datafield>
  <datafield tag="ADM" ind1=" " ind2=" ">
    <subfield code="b">2019-07-16 01:48:39</subfield>
    <subfield code="e">b29881201-01tuli_inst</subfield>
    <subfield code="d">MARCIVE</subfield>
    <subfield code="f">20190607211944.0</subfield>
    <subfield code="a">2017-06-20 07:44:01</subfield>
    <subfield code="c">false</subfield>
  </datafield>
  <datafield tag="HLD" ind1="0" ind2=" ">
    <subfield code="b">MAIN</subfield>
    <subfield code="c">stacks</subfield>
    <subfield code="h">P40</subfield>
    <subfield code="i">.M33 2006</subfield>
    <subfield code="8">22271443590003811</subfield>
    <subfield code="created">2017-06-20 07:44:01</subfield>
  </datafield>
  <datafield tag="ITM" ind1=" " ind2=" ">
    <subfield code="r">22271443590003811</subfield>
    <subfield code="b">0</subfield>
    <subfield code="h">0</subfield>
    <subfield code="g">stacks</subfield>
    <subfield code="t">BOOK</subfield>
    <subfield code="9">39074018110635</subfield>
    <subfield code="e">stacks</subfield>
    <subfield code="8">23271443580003811</subfield>
    <subfield code="a">0</subfield>
    <subfield code="i">P40 .M33 2006</subfield>
    <subfield code="updated">2020-09-02 17:21:12</subfield>
    <subfield code="u">LOAN</subfield>
    <subfield code="q">2017-06-20 07:44:01</subfield>
    <subfield code="d">MAIN</subfield>
    <subfield code="f">MAIN</subfield>
  </datafield>
  <datafield tag="ITM" ind1=" " ind2=" ">
    <subfield code="r">22271443590003811</subfield>
    <subfield code="b">0</subfield>
    <subfield code="h">0</subfield>
    <subfield code="g">stacks</subfield>
    <subfield code="t">BOOK</subfield>
    <subfield code="9">39074030821326</subfield>
    <subfield code="e">stacks</subfield>
    <subfield code="8">23271443570003811</subfield>
    <subfield code="a">0</subfield>
    <subfield code="i">P40 .M33 2006</subfield>
    <subfield code="updated">2020-09-04 17:53:14</subfield>
    <subfield code="u">LOAN</subfield>
    <subfield code="q">2017-06-20 07:44:01</subfield>
    <subfield code="d">MAIN</subfield>
    <subfield code="f">MAIN</subfield>
  </datafield>
</record>