
<record>
  <leader>04534pam a22005654a 4500</leader>
  <controlfield tag="005">20190716104944.0</controlfield>
  <controlfield tag="008">060713s2007    mau      b    001 0 eng  </controlfield>
  <controlfield tag="001">991014493319703811</controlfield>
  <datafield tag="010" ind1=" " ind2=" ">
    <subfield code="a">2006048524</subfield>
  </datafield>
  <datafield tag="020" ind1=" " ind2=" ">
    <subfield code="a">0674023579</subfield>
    <subfield code="q">cloth</subfield>
    <subfield code="q">alkaline paper</subfield>
  </datafield>
  <datafield tag="020" ind1=" " ind2=" ">
    <subfield code="a">9780674023574</subfield>
    <subfield code="q">cloth</subfield>
    <subfield code="q">alkaline paper</subfield>
  </datafield>
  <datafield tag="024" ind1="3" ind2=" ">
    <subfield code="a">9780674023574</subfield>
  </datafield>
  <datafield tag="035" ind1=" " ind2=" ">
    <subfield code="a">(PPT)b30635056-01tuli_inst</subfield>
  </datafield>
  <datafield tag="035" ind1=" " ind2=" ">
    <subfield code="a">(OCoLC)ocn491821912</subfield>
    <subfield code="9">ExL</subfield>
  </datafield>
  <datafield tag="035" ind1=" " ind2=" ">
    <subfield code="a">DLCOCM70668872</subfield>
  </datafield>
  <datafield tag="035" ind1=" " ind2=" ">
    <subfield code="a">ocm70668872</subfield>
  </datafield>
  <datafield tag="035" ind1=" " ind2=" ">
    <subfield code="a">(OCLC)ocm70668872</subfield>
  </datafield>
  <datafield tag="040" ind1=" " ind2=" ">
    <subfield code="a">DLC</subfield>
    <subfield code="b">eng</subfield>
    <subfield code="c">DLC</subfield>
    <subfield code="d">BAKER</subfield>
    <subfield code="d">C#P</subfield>
  </datafield>
  <datafield tag="043" ind1=" " ind2=" ">
    <subfield code="a">n-us---</subfield>
  </datafield>
  <datafield tag="079" ind1=" " ind2=" ">
    <subfield code="a">ocm70668872</subfield>
  </datafield>
  <datafield tag="090" ind1=" " ind2=" ">
    <subfield code="a">JV6455</subfield>
    <subfield code="b">.N49 2007</subfield>
  </datafield>
  <datafield tag="245" ind1="0" ind2="4">
    <subfield code="a">The new Americans :</subfield>
    <subfield code="b">a guide to immigration since 1965 /</subfield>
    <subfield code="c">edited by Mary C. Waters &amp; Reed Ueda ; with Helen B. Marrow.</subfield>
  </datafield>
  <datafield tag="264" ind1=" " ind2="1">
    <subfield code="a">Cambridge, Mass. :</subfield>
    <subfield code="b">Harvard University Press,</subfield>
    <subfield code="c">2007.</subfield>
  </datafield>
  <datafield tag="300" ind1=" " ind2=" ">
    <subfield code="a">viii, 721 pages ;</subfield>
    <subfield code="c">24 cm.</subfield>
  </datafield>
  <datafield tag="336" ind1=" " ind2=" ">
    <subfield code="a">text</subfield>
    <subfield code="b">txt</subfield>
    <subfield code="2">rdacontent</subfield>
  </datafield>
  <datafield tag="337" ind1=" " ind2=" ">
    <subfield code="a">unmediated</subfield>
    <subfield code="b">n</subfield>
    <subfield code="2">rdamedia</subfield>
  </datafield>
  <datafield tag="338" ind1=" " ind2=" ">
    <subfield code="a">volume</subfield>
    <subfield code="b">nc</subfield>
    <subfield code="2">rdacarrier</subfield>
  </datafield>
  <datafield tag="490" ind1="1" ind2=" ">
    <subfield code="a">Harvard University Press reference library.</subfield>
  </datafield>
  <datafield tag="504" ind1=" " ind2=" ">
    <subfield code="a">Includes bibliographical references and index.</subfield>
  </datafield>
  <datafield tag="505" ind1="0" ind2=" ">
    <subfield code="a">Immigration in Global Historical Perspective / Reed Ueda -- Immigration Control Policy: Law and Implementation / Aristide R. Zolberg -- Citizenship and Nationality Policy / Peter H. Schuck -- Refugees / David W. Haines -- Unauthorized Migration / Frank D. Bean, B. Lindsay Lowell -- Settlement Patterns in Metropolitan America / John R. Logan -- Ethnic and Racial Identity / Herbert J. Gans -- Intermarriage and Multiple Identities / Joel Perlmann, Mary C. Waters -- Assimilation / Richard Alba, Victor Nee -- Transforming Foreigners into Americans / Roger Waldinger -- Transnationalism / Ewa Morawska -- Pluralism and Group Relations / Jennifer L. Hochschild -- Immigrants and the Economy / Neeraj Kaushal, Cordelia W. Reimers, David M. Reimers -- Ethnic Politics / Michael Jones-Correa -- Ethnic Media / K. Viswanath, Karen Ka-man Lee -- Religion / Diana L. Eck -- Language / David Lopez, Vanesa Estrada -- Education / Carola Suarez-Orozco, Marcelo Suarez-Orozco -- Gender and Family / Patricia R. Pessar -- The Second Generation / Nancy Foner, Philip Kasinitz -- Africa: West / Marilyn Halter -- Africa: East / Abdi Kusow -- Africa: South Africa and Zimbabwe / Helen B. Marrow -- Canada / Donna R. Gabaccia -- Central America / Norma Stoltz Chinchilla, Nora Hamilton -- China: People's Republic of China / Xiao-huang Yin -- China: Outside the People's Republic of China / Jennifer Holdaway -- Colombia / Luis Eduardo Guarnizo, Marilyn Espitia -- Cuba / Lisandro Perez -- Dominican Republic / Peggy Levitt -- El Salvador / Cecilia Menjivar -- Europe: Western / Donna R. Gabaccia -- Europe: Central and Southeastern / Simone Ispa-Landa -- Haiti / Lisa Konczal, Alex Stepick -- India / Karen Isaksen Leonard -- Iran / Mehdi Bozorgmehr -- Jamaica / Milton Vickerman -- Korea / Pyong Gap Min -- Mexico / Albert M. Camarillo -- Middle East and North Africa / Steven J. Gold, Mehdi Bozorgmehr -- Pacific: Fiji, Tonga, Samoa / Cathy A. Small -- Pacific: Japan, Australia, New Zealand / Nana Oishi -- Philippines / Catherine Ceniza Choy -- Poland / Mary Patrice Erdmans -- Russia / Steven J. Gold -- South America / Helen B. Marrow -- South Asia / Nazli Kibria -- Southeast Asia / Carl L. Bankston III, Danielle Antoinette Hidalgo -- United Kingdom / Wendy D. Roth -- Vietnam / Ruben G. Rumbaut -- West Indies / Calvin B. Holder -- Immigration and Naturalization Legislation.</subfield>
  </datafield>
  <datafield tag="650" ind1="2" ind2="7">
    <subfield code="a">Emigration and immigration.</subfield>
    <subfield code="2">fast</subfield>
    <subfield code="0">http://id.worldcat.org/fast/908690</subfield>
  </datafield>
  <datafield tag="650" ind1="2" ind2="7">
    <subfield code="a">Government policy.</subfield>
    <subfield code="2">fast</subfield>
    <subfield code="0">http://id.worldcat.org/fast/1353198</subfield>
  </datafield>
  <datafield tag="650" ind1="2" ind2="7">
    <subfield code="a">History.</subfield>
    <subfield code="2">fast</subfield>
    <subfield code="0">http://id.worldcat.org/fast/958235</subfield>
  </datafield>
  <datafield tag="651" ind1=" " ind2="0">
    <subfield code="a">United States</subfield>
    <subfield code="x">Emigration and immigration</subfield>
    <subfield code="x">History</subfield>
    <subfield code="y">20th century.</subfield>
    <subfield code="0">http://id.loc.gov/authorities/subjects/sh2007100070</subfield>
  </datafield>
  <datafield tag="651" ind1=" " ind2="0">
    <subfield code="a">United States</subfield>
    <subfield code="x">Emigration and immigration</subfield>
    <subfield code="x">Government policy.</subfield>
    <subfield code="0">http://id.loc.gov/authorities/subjects/sh2007100021</subfield>
  </datafield>
  <datafield tag="651" ind1="1" ind2="7">
    <subfield code="a">United States.</subfield>
    <subfield code="2">fast</subfield>
    <subfield code="0">http://id.worldcat.org/fast/1204155</subfield>
  </datafield>
  <datafield tag="648" ind1=" " ind2="7">
    <subfield code="a">20th century.</subfield>
    <subfield code="2">fast</subfield>
  </datafield>
  <datafield tag="700" ind1="1" ind2=" ">
    <subfield code="a">Waters, Mary C.</subfield>
    <subfield code="0">http://id.loc.gov/authorities/names/n87929070</subfield>
  </datafield>
  <datafield tag="700" ind1="1" ind2=" ">
    <subfield code="a">Ueda, Reed.</subfield>
    <subfield code="0">http://id.loc.gov/authorities/names/n82124939</subfield>
  </datafield>
  <datafield tag="700" ind1="1" ind2=" ">
    <subfield code="a">Marrow, Helen B.</subfield>
    <subfield code="0">http://id.loc.gov/authorities/names/n2006055071</subfield>
  </datafield>
  <datafield tag="830" ind1=" " ind2="0">
    <subfield code="a">Harvard University Press reference library</subfield>
    <subfield code="0">http://id.loc.gov/authorities/names/n96002214</subfield>
  </datafield>
  <datafield tag="901" ind1=" " ind2=" ">
    <subfield code="a">BNA</subfield>
  </datafield>
  <datafield tag="901" ind1=" " ind2=" ">
    <subfield code="a">R1614648</subfield>
  </datafield>
  <datafield tag="902" ind1=" " ind2=" ">
    <subfield code="a">161214</subfield>
  </datafield>
  <datafield tag="902" ind1=" " ind2=" ">
    <subfield code="a">061213AB0701</subfield>
  </datafield>
  <datafield tag="902" ind1=" " ind2=" ">
    <subfield code="a">MARCIVE-BF 20190703</subfield>
  </datafield>
  <datafield tag="903" ind1=" " ind2=" ">
    <subfield code="a">MARCIVE-TOC201904</subfield>
  </datafield>
  <datafield tag="904" ind1=" " ind2=" ">
    <subfield code="a">MARCIVE 20200629</subfield>
  </datafield>
  <datafield tag="905" ind1="0" ind2="0">
    <subfield code="a">Harvard University Press reference library</subfield>
  </datafield>
  <datafield tag="907" ind1=" " ind2=" ">
    <subfield code="a">.b30635056</subfield>
    <subfield code="b">multi</subfield>
    <subfield code="c">-</subfield>
  </datafield>
  <datafield tag="945" ind1=" " ind2=" ">
    <subfield code="l">astk </subfield>
    <subfield code="g">1</subfield>
  </datafield>
  <datafield tag="945" ind1=" " ind2=" ">
    <subfield code="l">pstk </subfield>
    <subfield code="g">1</subfield>
  </datafield>
  <datafield tag="979" ind1=" " ind2=" ">
    <subfield code="a">ocm70668872</subfield>
  </datafield>
  <datafield tag="998" ind1=" " ind2=" ">
    <subfield code="b">4</subfield>
    <subfield code="c">070226</subfield>
    <subfield code="d">m</subfield>
    <subfield code="e">a</subfield>
    <subfield code="f">-</subfield>
    <subfield code="g">4</subfield>
  </datafield>
  <datafield tag="998" ind1=" " ind2=" ">
    <subfield code="b">0</subfield>
    <subfield code="c">070226</subfield>
    <subfield code="d">m</subfield>
    <subfield code="e">a</subfield>
    <subfield code="f">-</subfield>
    <subfield code="g">4</subfield>
  </datafield>
  <datafield tag="ADM" ind1=" " ind2=" ">
    <subfield code="b">2020-09-08 21:14:48</subfield>
    <subfield code="e">b30635056-01tuli_inst</subfield>
    <subfield code="d">MARCIVE</subfield>
    <subfield code="f">20190607183251.0</subfield>
    <subfield code="a">2017-06-20 09:49:51</subfield>
    <subfield code="c">false</subfield>
  </datafield>
  <datafield tag="HLD" ind1="0" ind2=" ">
    <subfield code="b">AMBLER</subfield>
    <subfield code="c">stacks</subfield>
    <subfield code="h">JV6455</subfield>
    <subfield code="i">.N49 2007</subfield>
    <subfield code="8">22297448250003811</subfield>
    <subfield code="created">2017-06-20 09:49:51</subfield>
  </datafield>
  <datafield tag="HLD" ind1="0" ind2=" ">
    <subfield code="b">ASRS</subfield>
    <subfield code="c">ASRS</subfield>
    <subfield code="h"> JV6455 </subfield>
    <subfield code="i"> .N49 2007 </subfield>
    <subfield code="8">22464140890003811</subfield>
    <subfield code="updated">2019-05-01 21:30:14</subfield>
    <subfield code="created">2019-05-01 21:30:12</subfield>
  </datafield>
  <datafield tag="ITM" ind1=" " ind2=" ">
    <subfield code="r">22297448250003811</subfield>
    <subfield code="b">1</subfield>
    <subfield code="h">0</subfield>
    <subfield code="g">reserve</subfield>
    <subfield code="t">BOOK</subfield>
    <subfield code="9">39074025400060</subfield>
    <subfield code="e">stacks</subfield>
    <subfield code="8">23297448240003811</subfield>
    <subfield code="a">0</subfield>
    <subfield code="i">JV6455 .N49 2007</subfield>
    <subfield code="updated">2020-01-11 18:20:23</subfield>
    <subfield code="q">2017-06-20 09:49:51</subfield>
    <subfield code="d">AMBLER</subfield>
    <subfield code="f">MAIN</subfield>
  </datafield>
  <datafield tag="ITM" ind1=" " ind2=" ">
    <subfield code="r">22464140890003811</subfield>
    <subfield code="b">1</subfield>
    <subfield code="h">0</subfield>
    <subfield code="g">reserve</subfield>
    <subfield code="t">BOOK</subfield>
    <subfield code="9">39074022542203</subfield>
    <subfield code="e">ASRS</subfield>
    <subfield code="8">23297448260003811</subfield>
    <subfield code="a">0</subfield>
    <subfield code="i">JV6455 .N49 2007</subfield>
    <subfield code="updated">2020-01-08 20:19:15</subfield>
    <subfield code="q">2017-06-20 09:49:51</subfield>
    <subfield code="d">ASRS</subfield>
    <subfield code="f">MAIN</subfield>
  </datafield>
</record>