
<record>
  <leader>02247cam a2200553 a 4500</leader>
  <controlfield tag="005">20190715141906.0</controlfield>
  <controlfield tag="008">011003t20022002inu      b    000 0 eng  </controlfield>
  <controlfield tag="001">991023887279703811</controlfield>
  <datafield tag="010" ind1=" " ind2=" ">
    <subfield code="a">2001051571</subfield>
  </datafield>
  <datafield tag="020" ind1=" " ind2=" ">
    <subfield code="a">0872205908</subfield>
  </datafield>
  <datafield tag="020" ind1=" " ind2=" ">
    <subfield code="a">9780872205901</subfield>
  </datafield>
  <datafield tag="020" ind1=" " ind2=" ">
    <subfield code="a">0872205894</subfield>
    <subfield code="q">paperback</subfield>
  </datafield>
  <datafield tag="020" ind1=" " ind2=" ">
    <subfield code="a">9780872205895</subfield>
    <subfield code="q">paperback</subfield>
  </datafield>
  <datafield tag="035" ind1=" " ind2=" ">
    <subfield code="a">(PPT)b32620068-01tuli_inst</subfield>
  </datafield>
  <datafield tag="035" ind1=" " ind2=" ">
    <subfield code="a">(OCoLC)ocn491902748</subfield>
    <subfield code="9">ExL</subfield>
  </datafield>
  <datafield tag="035" ind1=" " ind2=" ">
    <subfield code="a">48162798</subfield>
  </datafield>
  <datafield tag="035" ind1=" " ind2=" ">
    <subfield code="a">ocm48162798</subfield>
  </datafield>
  <datafield tag="035" ind1=" " ind2=" ">
    <subfield code="a">(OCLC)ocm48162798</subfield>
  </datafield>
  <datafield tag="040" ind1=" " ind2=" ">
    <subfield code="a">DLC</subfield>
    <subfield code="b">eng</subfield>
    <subfield code="c">DLC</subfield>
    <subfield code="d">BAKER</subfield>
    <subfield code="d">BTCTA</subfield>
    <subfield code="d">YDXCP</subfield>
  </datafield>
  <datafield tag="041" ind1="1" ind2=" ">
    <subfield code="a">eng</subfield>
    <subfield code="h">grc</subfield>
  </datafield>
  <datafield tag="079" ind1=" " ind2=" ">
    <subfield code="a">ocm48162798</subfield>
  </datafield>
  <datafield tag="090" ind1=" " ind2=" ">
    <subfield code="a">B312.E5</subfield>
    <subfield code="b">T75 2002</subfield>
  </datafield>
  <datafield tag="245" ind1="0" ind2="4">
    <subfield code="a">The trials of Socrates :</subfield>
    <subfield code="b">six classic texts /</subfield>
    <subfield code="c">edited by C.D.C. Reeve.</subfield>
  </datafield>
  <datafield tag="264" ind1=" " ind2="1">
    <subfield code="a">Indianapolis :</subfield>
    <subfield code="b">Hackett Pub. Co.,</subfield>
    <subfield code="c">[2002]</subfield>
  </datafield>
  <datafield tag="264" ind1=" " ind2="4">
    <subfield code="c">&#xA9;2002</subfield>
  </datafield>
  <datafield tag="300" ind1=" " ind2=" ">
    <subfield code="a">x, 186 pages ;</subfield>
    <subfield code="c">22 cm</subfield>
  </datafield>
  <datafield tag="336" ind1=" " ind2=" ">
    <subfield code="a">text</subfield>
    <subfield code="b">txt</subfield>
    <subfield code="2">rdacontent</subfield>
  </datafield>
  <datafield tag="337" ind1=" " ind2=" ">
    <subfield code="a">unmediated</subfield>
    <subfield code="b">n</subfield>
    <subfield code="2">rdamedia</subfield>
  </datafield>
  <datafield tag="338" ind1=" " ind2=" ">
    <subfield code="a">volume</subfield>
    <subfield code="b">nc</subfield>
    <subfield code="2">rdacarrier</subfield>
  </datafield>
  <datafield tag="504" ind1=" " ind2=" ">
    <subfield code="a">Includes bibliographical references (pages 185-186).</subfield>
  </datafield>
  <datafield tag="505" ind1="0" ind2=" ">
    <subfield code="a">Plato -- Aristophanes -- Xenophon.</subfield>
  </datafield>
  <datafield tag="655" ind1=" " ind2="7">
    <subfield code="a">Trial and arbitral proceedings.</subfield>
    <subfield code="2">lcgft</subfield>
    <subfield code="0">http://id.loc.gov/authorities/genreForms/gf2011026708</subfield>
  </datafield>
  <datafield tag="655" ind1=" " ind2="7">
    <subfield code="a">Trial and arbitral proceedings.</subfield>
    <subfield code="2">fast</subfield>
    <subfield code="0">http://id.worldcat.org/fast/1774319</subfield>
  </datafield>
  <datafield tag="655" ind1="2" ind2="7">
    <subfield code="a">Trials, litigation, etc.</subfield>
    <subfield code="2">fast</subfield>
    <subfield code="0">http://id.worldcat.org/fast/1423712</subfield>
  </datafield>
  <datafield tag="600" ind1="0" ind2="0">
    <subfield code="a">Socrates.</subfield>
    <subfield code="0">http://id.loc.gov/authorities/names/n79055329</subfield>
  </datafield>
  <datafield tag="600" ind1="0" ind2="7">
    <subfield code="a">Socrates.</subfield>
    <subfield code="2">fast</subfield>
    <subfield code="0">http://id.worldcat.org/fast/35600</subfield>
  </datafield>
  <datafield tag="600" ind1="0" ind2="0">
    <subfield code="a">Socrates</subfield>
    <subfield code="v">Trials, litigation, etc.</subfield>
    <subfield code="0">http://id.loc.gov/authorities/names/n79055329</subfield>
    <subfield code="0">http://id.loc.gov/authorities/subjects/sh99001302</subfield>
  </datafield>
  <datafield tag="600" ind1=" " ind2="7">
    <subfield code="a">Socrates.</subfield>
    <subfield code="2">fast</subfield>
    <subfield code="0">http://id.worldcat.org/fast/35600</subfield>
  </datafield>
  <datafield tag="700" ind1="1" ind2=" ">
    <subfield code="a">Reeve, C. D. C.,</subfield>
    <subfield code="d">1948-</subfield>
    <subfield code="0">http://id.loc.gov/authorities/names/n87907801</subfield>
  </datafield>
  <datafield tag="700" ind1="1" ind2=" ">
    <subfield code="a">Meineck, Peter,</subfield>
    <subfield code="d">1967-</subfield>
    <subfield code="0">http://id.loc.gov/authorities/names/n98065204</subfield>
  </datafield>
  <datafield tag="700" ind1="1" ind2=" ">
    <subfield code="a">Doyle, James.</subfield>
    <subfield code="0">http://id.loc.gov/authorities/names/n2001093355</subfield>
  </datafield>
  <datafield tag="700" ind1="0" ind2=" ">
    <subfield code="a">Plato.</subfield>
    <subfield code="0">http://id.loc.gov/authorities/names/n79139459</subfield>
  </datafield>
  <datafield tag="700" ind1="0" ind2=" ">
    <subfield code="a">Aristophanes.</subfield>
    <subfield code="0">http://id.loc.gov/authorities/names/n79072756</subfield>
  </datafield>
  <datafield tag="700" ind1="0" ind2=" ">
    <subfield code="a">Xenophon.</subfield>
    <subfield code="0">http://id.loc.gov/authorities/names/n80036673</subfield>
  </datafield>
  <datafield tag="902" ind1=" " ind2=" ">
    <subfield code="a">MARCIVE-BF 20190703</subfield>
  </datafield>
  <datafield tag="904" ind1=" " ind2=" ">
    <subfield code="a">MARCIVE 20200629</subfield>
  </datafield>
  <datafield tag="907" ind1=" " ind2=" ">
    <subfield code="a">.b32620068</subfield>
    <subfield code="b">multi</subfield>
    <subfield code="c">-</subfield>
  </datafield>
  <datafield tag="945" ind1=" " ind2=" ">
    <subfield code="l">pres </subfield>
    <subfield code="g">1</subfield>
  </datafield>
  <datafield tag="979" ind1=" " ind2=" ">
    <subfield code="a">ocm48162798</subfield>
  </datafield>
  <datafield tag="998" ind1=" " ind2=" ">
    <subfield code="b">3</subfield>
    <subfield code="c">080104</subfield>
    <subfield code="d">m</subfield>
    <subfield code="e">a</subfield>
    <subfield code="f">-</subfield>
    <subfield code="g">4</subfield>
  </datafield>
  <datafield tag="998" ind1=" " ind2=" ">
    <subfield code="a">01/04/08</subfield>
    <subfield code="s">LC</subfield>
    <subfield code="c">AT</subfield>
  </datafield>
  <datafield tag="ADM" ind1=" " ind2=" ">
    <subfield code="b">2020-07-24 12:52:25</subfield>
    <subfield code="e">b32620068-01tuli_inst</subfield>
    <subfield code="d">MARCIVE</subfield>
    <subfield code="f">20190607232747.0</subfield>
    <subfield code="a">2017-06-20 05:51:54</subfield>
    <subfield code="c">false</subfield>
  </datafield>
  <datafield tag="HLD" ind1="0" ind2=" ">
    <subfield code="b">JAPAN</subfield>
    <subfield code="c">stacks</subfield>
    <subfield code="h">B312.E5</subfield>
    <subfield code="i">T75 2002</subfield>
    <subfield code="8">22465551050003811</subfield>
    <subfield code="updated">2019-08-28 07:03:53</subfield>
    <subfield code="created">2019-05-24 03:19:18</subfield>
  </datafield>
  <datafield tag="HLD" ind1="0" ind2=" ">
    <subfield code="b">MAIN</subfield>
    <subfield code="c">stacks</subfield>
    <subfield code="h">B312.E5</subfield>
    <subfield code="i">T75 2002</subfield>
    <subfield code="8">22426642820003811</subfield>
    <subfield code="updated">2018-05-25 14:32:27</subfield>
    <subfield code="created">2018-05-25 14:32:27</subfield>
  </datafield>
  <datafield tag="HLD" ind1="0" ind2=" ">
    <subfield code="b">MAIN</subfield>
    <subfield code="c">reserve</subfield>
    <subfield code="h">B312.E5</subfield>
    <subfield code="i">T75 2002</subfield>
    <subfield code="8">22237221560003811</subfield>
    <subfield code="created">2017-06-20 05:51:54</subfield>
  </datafield>
  <datafield tag="ITM" ind1=" " ind2=" ">
    <subfield code="r">22465551050003811</subfield>
    <subfield code="b">1</subfield>
    <subfield code="h">0</subfield>
    <subfield code="g">stacks</subfield>
    <subfield code="t">BOOK</subfield>
    <subfield code="9">31982070520368</subfield>
    <subfield code="e">stacks</subfield>
    <subfield code="8">23465552430003811</subfield>
    <subfield code="a">0</subfield>
    <subfield code="i">B312.E5 T75 2002</subfield>
    <subfield code="updated">2020-01-23 23:49:07</subfield>
    <subfield code="c">c. 2</subfield>
    <subfield code="q">2019-05-23 02:03:18</subfield>
    <subfield code="d">JAPAN</subfield>
    <subfield code="f">JAPAN</subfield>
  </datafield>
  <datafield tag="ITM" ind1=" " ind2=" ">
    <subfield code="r">22426642820003811</subfield>
    <subfield code="b">1</subfield>
    <subfield code="h">0</subfield>
    <subfield code="g">reserve</subfield>
    <subfield code="t">BOOK</subfield>
    <subfield code="9">39074025875253</subfield>
    <subfield code="e">stacks</subfield>
    <subfield code="8">23426642810003811</subfield>
    <subfield code="a">0</subfield>
    <subfield code="i">B312.E5 T75 2002</subfield>
    <subfield code="updated">2020-03-11 16:43:33</subfield>
    <subfield code="q">2018-05-25 14:32:27</subfield>
    <subfield code="d">MAIN</subfield>
    <subfield code="f">MAIN</subfield>
  </datafield>
  <datafield tag="ITM" ind1=" " ind2=" ">
    <subfield code="r">22465551050003811</subfield>
    <subfield code="b">1</subfield>
    <subfield code="h">0</subfield>
    <subfield code="g">stacks</subfield>
    <subfield code="t">BOOK</subfield>
    <subfield code="9">31982070520376</subfield>
    <subfield code="e">stacks</subfield>
    <subfield code="8">23465552440003811</subfield>
    <subfield code="a">0</subfield>
    <subfield code="i">B312.E5 T75 2002</subfield>
    <subfield code="updated">2020-08-21 05:59:57</subfield>
    <subfield code="q">2019-05-23 02:01:54</subfield>
    <subfield code="d">JAPAN</subfield>
    <subfield code="f">JAPAN</subfield>
  </datafield>
  <datafield tag="ITM" ind1=" " ind2=" ">
    <subfield code="r">22237221560003811</subfield>
    <subfield code="b">1</subfield>
    <subfield code="h">0</subfield>
    <subfield code="g">reserve</subfield>
    <subfield code="t">BOOK</subfield>
    <subfield code="9">39074023570518</subfield>
    <subfield code="e">reserve</subfield>
    <subfield code="8">23237221540003811</subfield>
    <subfield code="a">0</subfield>
    <subfield code="i">B312.E5 T75 2002</subfield>
    <subfield code="updated">2020-02-03 15:35:28</subfield>
    <subfield code="q">2017-06-20 05:51:54</subfield>
    <subfield code="d">MAIN</subfield>
    <subfield code="f">MAIN</subfield>
  </datafield>
  <datafield tag="ITM" ind1=" " ind2=" ">
    <subfield code="r">22237221560003811</subfield>
    <subfield code="b">1</subfield>
    <subfield code="h">0</subfield>
    <subfield code="g">reserve</subfield>
    <subfield code="t">BOOK</subfield>
    <subfield code="9">39074026837922</subfield>
    <subfield code="e">reserve</subfield>
    <subfield code="8">23237221550003811</subfield>
    <subfield code="a">0</subfield>
    <subfield code="i">B312.E5 T75 2002</subfield>
    <subfield code="updated">2020-02-11 16:51:30</subfield>
    <subfield code="q">2017-06-20 05:51:54</subfield>
    <subfield code="d">MAIN</subfield>
    <subfield code="f">MAIN</subfield>
  </datafield>
</record>