
<record>
  <leader>04286pam a22006134a 4500</leader>
  <controlfield tag="005">20190923163733.0</controlfield>
  <controlfield tag="008">060710s2007    nyuab    b    001 0 eng  </controlfield>
  <controlfield tag="001">991024540769703811</controlfield>
  <datafield tag="010" ind1=" " ind2=" ">
    <subfield code="a">2006021528</subfield>
  </datafield>
  <datafield tag="020" ind1=" " ind2=" ">
    <subfield code="a">0415771382</subfield>
    <subfield code="q">hardback</subfield>
  </datafield>
  <datafield tag="020" ind1=" " ind2=" ">
    <subfield code="a">9780415771382</subfield>
    <subfield code="q">hardback</subfield>
  </datafield>
  <datafield tag="020" ind1=" " ind2=" ">
    <subfield code="a">0415771390</subfield>
    <subfield code="q">paperback</subfield>
  </datafield>
  <datafield tag="020" ind1=" " ind2=" ">
    <subfield code="a">9780415771399</subfield>
    <subfield code="q">paperback</subfield>
  </datafield>
  <datafield tag="035" ind1=" " ind2=" ">
    <subfield code="a">(PPT)b32787625-01tuli_inst</subfield>
  </datafield>
  <datafield tag="035" ind1=" " ind2=" ">
    <subfield code="a">(OCoLC)ocn491983713</subfield>
    <subfield code="9">ExL</subfield>
  </datafield>
  <datafield tag="035" ind1=" " ind2=" ">
    <subfield code="a">(OCoLC)70291948</subfield>
  </datafield>
  <datafield tag="035" ind1=" " ind2=" ">
    <subfield code="a">DLCOCM70291948</subfield>
  </datafield>
  <datafield tag="035" ind1=" " ind2=" ">
    <subfield code="a">ocn230963016</subfield>
  </datafield>
  <datafield tag="035" ind1=" " ind2=" ">
    <subfield code="a">ocm70291948</subfield>
  </datafield>
  <datafield tag="035" ind1=" " ind2=" ">
    <subfield code="a">(OCLC)ocm70291948</subfield>
  </datafield>
  <datafield tag="040" ind1=" " ind2=" ">
    <subfield code="a">DLC</subfield>
    <subfield code="b">eng</subfield>
    <subfield code="c">DLC</subfield>
    <subfield code="d">BAKER</subfield>
    <subfield code="d">BWKUK</subfield>
  </datafield>
  <datafield tag="042" ind1=" " ind2=" ">
    <subfield code="a">pcc</subfield>
  </datafield>
  <datafield tag="043" ind1=" " ind2=" ">
    <subfield code="a">f------</subfield>
  </datafield>
  <datafield tag="079" ind1=" " ind2=" ">
    <subfield code="a">ocm70291948</subfield>
  </datafield>
  <datafield tag="090" ind1=" " ind2=" ">
    <subfield code="a">DT20</subfield>
    <subfield code="b">.A83 2007</subfield>
  </datafield>
  <datafield tag="100" ind1="1" ind2=" ">
    <subfield code="a">Asante, Molefi Kete,</subfield>
    <subfield code="d">1942-</subfield>
    <subfield code="0">http://id.loc.gov/authorities/names/n80060504</subfield>
  </datafield>
  <datafield tag="245" ind1="1" ind2="4">
    <subfield code="a">The history of Africa :</subfield>
    <subfield code="b">the quest for eternal harmony /</subfield>
    <subfield code="c">Molefi Kete Asante.</subfield>
  </datafield>
  <datafield tag="264" ind1=" " ind2="1">
    <subfield code="a">New York ;</subfield>
    <subfield code="a">London :</subfield>
    <subfield code="b">Routledge,</subfield>
    <subfield code="c">2007.</subfield>
  </datafield>
  <datafield tag="300" ind1=" " ind2=" ">
    <subfield code="a">xiii, 397 pages :</subfield>
    <subfield code="b">illustrations, maps ;</subfield>
    <subfield code="c">24 cm</subfield>
  </datafield>
  <datafield tag="336" ind1=" " ind2=" ">
    <subfield code="a">text</subfield>
    <subfield code="b">txt</subfield>
    <subfield code="2">rdacontent</subfield>
  </datafield>
  <datafield tag="337" ind1=" " ind2=" ">
    <subfield code="a">unmediated</subfield>
    <subfield code="b">n</subfield>
    <subfield code="2">rdamedia</subfield>
  </datafield>
  <datafield tag="338" ind1=" " ind2=" ">
    <subfield code="a">volume</subfield>
    <subfield code="b">nc</subfield>
    <subfield code="2">rdacarrier</subfield>
  </datafield>
  <datafield tag="504" ind1=" " ind2=" ">
    <subfield code="a">Includes bibliographical references (pages [377]-380) and index.</subfield>
  </datafield>
  <datafield tag="520" ind1=" " ind2=" ">
    <subfield code="a">There is a paradox about Africa: it remains a subject that attracts considerable attention yet rarely is there a full appreciation of its complexity. African historiography has typically consisted of writing Africa for Europe - instead of writing Africa for itself, as itself, from its own perspectives. The History of Africa redresses this by letting the perspectives of Africans themselves take center stage.</subfield>
  </datafield>
  <datafield tag="520" ind1="8" ind2="0">
    <subfield code="a">Authoritative and comprehensive, this book provides a wide-ranging history of Africa from earliest prehistory to the present day - using the cultural, social, political, and economic lenses of Africa as instruments to illuminate the ordinary lives of Africans. The result is afresh new survey that includes a wealth of indigenous ideas, African concepts, and traditional outlooks that have escaped the writing of African history in the West. This straightforward, illustrated, and factual text allows the reader to access the major developments, personalities, and events on the African continent. Written by a world expert, this groundbreaking survey is an indispensable guide to African history.</subfield>
  </datafield>
  <datafield tag="505" ind1="0" ind2=" ">
    <subfield code="a">pt. 1. The time of awakening -- Africa and the origin of humanity -- pt. 2. The age of literacy -- Africa and the beginning of civilization -- The rise of Kemet/Egypt -- The elements of early African civilization -- Governance and the political stability of Kemet -- pt. 3. The moment of realization -- The emergence of the great river kingdoms -- pt. 4. The age of construction -- The spread of classical empires and kingdoms -- The Sudanic empires : historians and their narratives -- Generators of traditional and contemporary Africa -- Societies of secrets : farmers and metallurgists -- pt. 5. The time of the chaos -- Arab and European missionaries, merchants, and mercenaries -- Resisting European and Arab slave traders -- pt. 6. The age of reconstruction -- Africa regains consciousness in a Pan-African explosion -- pt. 7. The time for consolidation -- Africa consolidates independence -- Toward a United States of Africa without compromise : creation of the African Union -- Chronology of African history -- Some African ethnic groups -- Major linguistic complexes.</subfield>
  </datafield>
  <datafield tag="650" ind1="2" ind2="7">
    <subfield code="a">Civilization.</subfield>
    <subfield code="2">fast</subfield>
    <subfield code="0">http://id.worldcat.org/fast/862898</subfield>
  </datafield>
  <datafield tag="650" ind1="2" ind2="7">
    <subfield code="a">History.</subfield>
    <subfield code="2">fast</subfield>
    <subfield code="0">http://id.worldcat.org/fast/958235</subfield>
  </datafield>
  <datafield tag="651" ind1=" " ind2="0">
    <subfield code="a">Africa</subfield>
    <subfield code="x">History.</subfield>
    <subfield code="0">http://id.loc.gov/authorities/subjects/sh85001556</subfield>
  </datafield>
  <datafield tag="651" ind1=" " ind2="0">
    <subfield code="a">Africa</subfield>
    <subfield code="x">Civilization.</subfield>
    <subfield code="0">http://id.loc.gov/authorities/subjects/sh85001534</subfield>
  </datafield>
  <datafield tag="651" ind1="1" ind2="7">
    <subfield code="a">Africa.</subfield>
    <subfield code="2">fast</subfield>
    <subfield code="0">http://id.worldcat.org/fast/1239509</subfield>
  </datafield>
  <datafield tag="856" ind1="4" ind2="1">
    <subfield code="z">Access table of contents</subfield>
    <subfield code="u">http://www.loc.gov/catdir/toc/ecip0616/2006021528.html</subfield>
  </datafield>
  <datafield tag="856" ind1="4" ind2="2">
    <subfield code="z">Access description provided by publisher</subfield>
    <subfield code="u">http://www.loc.gov/catdir/enhancements/fy0704/2006021528-d.html</subfield>
  </datafield>
  <datafield tag="901" ind1=" " ind2=" ">
    <subfield code="a">BNA</subfield>
  </datafield>
  <datafield tag="901" ind1=" " ind2=" ">
    <subfield code="a">R2648578</subfield>
  </datafield>
  <datafield tag="902" ind1=" " ind2=" ">
    <subfield code="a">070704AB0701</subfield>
  </datafield>
  <datafield tag="902" ind1=" " ind2=" ">
    <subfield code="a">MARCIVE-BF 20190703</subfield>
  </datafield>
  <datafield tag="903" ind1=" " ind2=" ">
    <subfield code="a">MARCIVE-TOC201904</subfield>
  </datafield>
  <datafield tag="904" ind1=" " ind2=" ">
    <subfield code="a">MARCIVE-SC</subfield>
  </datafield>
  <datafield tag="904" ind1=" " ind2=" ">
    <subfield code="a">MARCIVE 20200629</subfield>
  </datafield>
  <datafield tag="907" ind1=" " ind2=" ">
    <subfield code="a">.b32787625</subfield>
    <subfield code="b">multi</subfield>
    <subfield code="c">-</subfield>
  </datafield>
  <datafield tag="945" ind1=" " ind2=" ">
    <subfield code="l">b    </subfield>
    <subfield code="g">1</subfield>
  </datafield>
  <datafield tag="945" ind1=" " ind2=" ">
    <subfield code="l">pstk </subfield>
    <subfield code="g">1</subfield>
  </datafield>
  <datafield tag="945" ind1=" " ind2=" ">
    <subfield code="l">stem </subfield>
    <subfield code="a">196 A798 H578 2007</subfield>
    <subfield code="g">1</subfield>
  </datafield>
  <datafield tag="974" ind1="0" ind2="8">
    <subfield code="t">University Archives</subfield>
  </datafield>
  <datafield tag="979" ind1=" " ind2=" ">
    <subfield code="a">ocm70291948</subfield>
  </datafield>
  <datafield tag="998" ind1=" " ind2=" ">
    <subfield code="b">8</subfield>
    <subfield code="c">070827</subfield>
    <subfield code="d">m</subfield>
    <subfield code="e">a</subfield>
    <subfield code="f">-</subfield>
    <subfield code="g">4</subfield>
  </datafield>
  <datafield tag="998" ind1=" " ind2=" ">
    <subfield code="b">0</subfield>
    <subfield code="c">070827</subfield>
    <subfield code="d">m</subfield>
    <subfield code="e">a</subfield>
    <subfield code="f">-</subfield>
    <subfield code="g">4</subfield>
  </datafield>
  <datafield tag="ADM" ind1=" " ind2=" ">
    <subfield code="b">2020-07-24 12:39:17</subfield>
    <subfield code="e">b32787625-01tuli_inst</subfield>
    <subfield code="d">MARCIVE</subfield>
    <subfield code="f">20190607195410.0</subfield>
    <subfield code="a">2017-06-20 06:29:43</subfield>
    <subfield code="c">false</subfield>
  </datafield>
  <datafield tag="HLD" ind1="0" ind2=" ">
    <subfield code="b">MAIN</subfield>
    <subfield code="c">stacks</subfield>
    <subfield code="h">DT20</subfield>
    <subfield code="i">.A83 2007</subfield>
    <subfield code="8">22248791480003811</subfield>
    <subfield code="created">2017-06-20 06:29:43</subfield>
  </datafield>
  <datafield tag="HLD" ind1="8" ind2=" ">
    <subfield code="b">SCRC</subfield>
    <subfield code="c">rarestacks</subfield>
    <subfield code="h">196 A798 H578 2007</subfield>
    <subfield code="8">22248791540003811</subfield>
    <subfield code="updated">2017-07-18 21:08:20</subfield>
    <subfield code="created">2017-06-20 06:29:43</subfield>
  </datafield>
  <datafield tag="HLD" ind1="0" ind2=" ">
    <subfield code="b">BLOCKSON</subfield>
    <subfield code="c">rarestacks</subfield>
    <subfield code="h">DT20</subfield>
    <subfield code="i">.A83 2007</subfield>
    <subfield code="8">22248791520003811</subfield>
    <subfield code="created">2017-06-20 06:29:43</subfield>
  </datafield>
  <datafield tag="HLD" ind1="0" ind2=" ">
    <subfield code="b">ASRS</subfield>
    <subfield code="c">ASRS</subfield>
    <subfield code="h"> DT20 </subfield>
    <subfield code="i"> .A83 2007 </subfield>
    <subfield code="8">22464393180003811</subfield>
    <subfield code="updated">2019-05-02 20:24:09</subfield>
    <subfield code="created">2019-05-02 20:24:06</subfield>
  </datafield>
  <datafield tag="ITM" ind1=" " ind2=" ">
    <subfield code="r">22464393180003811</subfield>
    <subfield code="b">0</subfield>
    <subfield code="h">0</subfield>
    <subfield code="g">storage</subfield>
    <subfield code="t">BOOK</subfield>
    <subfield code="9">39074023622277</subfield>
    <subfield code="e">ASRS</subfield>
    <subfield code="8">23248791460003811</subfield>
    <subfield code="a">0</subfield>
    <subfield code="i">DT20 .A83 2007</subfield>
    <subfield code="updated">2019-08-28 19:14:11</subfield>
    <subfield code="u">CLAIM_RETURNED_LOAN</subfield>
    <subfield code="q">2017-06-20 06:29:43</subfield>
    <subfield code="d">ASRS</subfield>
    <subfield code="f">MAIN</subfield>
  </datafield>
  <datafield tag="ITM" ind1=" " ind2=" ">
    <subfield code="r">22248791540003811</subfield>
    <subfield code="b">1</subfield>
    <subfield code="h">8</subfield>
    <subfield code="g">rarestacks</subfield>
    <subfield code="t">BOOK</subfield>
    <subfield code="9">39074022834592</subfield>
    <subfield code="e">rarestacks</subfield>
    <subfield code="8">23248791530003811</subfield>
    <subfield code="a">4</subfield>
    <subfield code="i">196 A798 H578 2007</subfield>
    <subfield code="updated">2018-09-24 18:48:46</subfield>
    <subfield code="q">2017-06-20 06:29:43</subfield>
    <subfield code="d">SCRC</subfield>
    <subfield code="f">SCRC</subfield>
  </datafield>
  <datafield tag="ITM" ind1=" " ind2=" ">
    <subfield code="r">22248791520003811</subfield>
    <subfield code="b">1</subfield>
    <subfield code="h">0</subfield>
    <subfield code="g">rarestacks</subfield>
    <subfield code="t">BOOK</subfield>
    <subfield code="e">rarestacks</subfield>
    <subfield code="8">23248791510003811</subfield>
    <subfield code="a">3</subfield>
    <subfield code="i">DT20 .A83 2007</subfield>
    <subfield code="updated">2020-03-25 19:26:47</subfield>
    <subfield code="q">2017-06-20 06:29:43</subfield>
    <subfield code="d">BLOCKSON</subfield>
    <subfield code="f">BLOCKSON</subfield>
  </datafield>
  <datafield tag="ITM" ind1=" " ind2=" ">
    <subfield code="r">22248791480003811</subfield>
    <subfield code="b">0</subfield>
    <subfield code="h">0</subfield>
    <subfield code="g">stacks</subfield>
    <subfield code="t">BOOK</subfield>
    <subfield code="9">39074025484122</subfield>
    <subfield code="e">stacks</subfield>
    <subfield code="8">23248791410003811</subfield>
    <subfield code="a">0</subfield>
    <subfield code="i">DT20 .A83 2007</subfield>
    <subfield code="updated">2019-12-05 22:16:29</subfield>
    <subfield code="u">LOAN</subfield>
    <subfield code="q">2017-06-20 06:29:43</subfield>
    <subfield code="d">MAIN</subfield>
    <subfield code="f">MAIN</subfield>
  </datafield>
</record>