
<record>
  <leader>03883pam a2200577 a 4500</leader>
  <controlfield tag="005">20190716123927.0</controlfield>
  <controlfield tag="008">940310s1996    nyua     b    001 0 eng  </controlfield>
  <controlfield tag="001">991034802759703811</controlfield>
  <datafield tag="010" ind1=" " ind2=" ">
    <subfield code="a">94008998</subfield>
  </datafield>
  <datafield tag="020" ind1=" " ind2=" ">
    <subfield code="a">0195091124</subfield>
    <subfield code="q">acid-free paper</subfield>
  </datafield>
  <datafield tag="020" ind1=" " ind2=" ">
    <subfield code="a">9780195091120</subfield>
    <subfield code="q">acid-free paper</subfield>
  </datafield>
  <datafield tag="020" ind1=" " ind2=" ">
    <subfield code="a">0195119126</subfield>
  </datafield>
  <datafield tag="020" ind1=" " ind2=" ">
    <subfield code="a">9780195119121</subfield>
  </datafield>
  <datafield tag="035" ind1=" " ind2=" ">
    <subfield code="a">(PPT)b17195780-01tuli_inst</subfield>
  </datafield>
  <datafield tag="035" ind1=" " ind2=" ">
    <subfield code="a">(DLC    )ocn477160944</subfield>
    <subfield code="9">ExL</subfield>
  </datafield>
  <datafield tag="035" ind1=" " ind2=" ">
    <subfield code="a">DLC   94008998</subfield>
  </datafield>
  <datafield tag="035" ind1=" " ind2=" ">
    <subfield code="a">ocm30158105</subfield>
  </datafield>
  <datafield tag="035" ind1=" " ind2=" ">
    <subfield code="a">(OCLC)ocm30158105</subfield>
  </datafield>
  <datafield tag="040" ind1=" " ind2=" ">
    <subfield code="a">DLC</subfield>
    <subfield code="b">eng</subfield>
    <subfield code="c">DLC</subfield>
    <subfield code="d">OrLoB</subfield>
  </datafield>
  <datafield tag="079" ind1=" " ind2=" ">
    <subfield code="a">ocm30158105</subfield>
  </datafield>
  <datafield tag="090" ind1=" " ind2=" ">
    <subfield code="a">GN799.W26</subfield>
    <subfield code="b">K44 1996</subfield>
  </datafield>
  <datafield tag="100" ind1="1" ind2=" ">
    <subfield code="a">Keeley, Lawrence H.</subfield>
    <subfield code="0">http://id.loc.gov/authorities/names/n79028229</subfield>
  </datafield>
  <datafield tag="245" ind1="1" ind2="0">
    <subfield code="a">War before civilization /</subfield>
    <subfield code="c">Lawrence H. Keeley.</subfield>
  </datafield>
  <datafield tag="246" ind1="3" ind2="0">
    <subfield code="a">Myth of the peaceful savage</subfield>
  </datafield>
  <datafield tag="264" ind1=" " ind2="1">
    <subfield code="a">New York :</subfield>
    <subfield code="b">Oxford University Press,</subfield>
    <subfield code="c">1996.</subfield>
  </datafield>
  <datafield tag="300" ind1=" " ind2=" ">
    <subfield code="a">xiv, 245 pages :</subfield>
    <subfield code="b">illustrations ;</subfield>
    <subfield code="c">25 cm</subfield>
  </datafield>
  <datafield tag="336" ind1=" " ind2=" ">
    <subfield code="a">text</subfield>
    <subfield code="b">txt</subfield>
    <subfield code="2">rdacontent</subfield>
  </datafield>
  <datafield tag="337" ind1=" " ind2=" ">
    <subfield code="a">unmediated</subfield>
    <subfield code="b">n</subfield>
    <subfield code="2">rdamedia</subfield>
  </datafield>
  <datafield tag="338" ind1=" " ind2=" ">
    <subfield code="a">volume</subfield>
    <subfield code="b">nc</subfield>
    <subfield code="2">rdacarrier</subfield>
  </datafield>
  <datafield tag="500" ind1=" " ind2=" ">
    <subfield code="a">Subtitle from cover: The myth of the peaceful savage.</subfield>
  </datafield>
  <datafield tag="504" ind1=" " ind2=" ">
    <subfield code="a">Includes bibliographical references (pages 225-239) and index.</subfield>
  </datafield>
  <datafield tag="505" ind1="0" ind2=" ">
    <subfield code="a">The pacified past : the anthropology of war -- The dogs of war : the prevalence and importance of war -- Policy by other means : tactics and weapons -- Imitating the tiger : forms of combat -- A skulking way of war : primitive warriors versus civilized soldiers -- The harvest of Mars : the casualties of war -- To the victor : the profits and losses of primitive war -- Crying havoc : the question of causes -- Bad neighborhoods : the contexts for war -- Naked, poor, and mangled peace : its desirability and fragility -- Beating swords into metaphors : the roots of the pacified past -- A trout in the milk : discussion and conclusions.</subfield>
  </datafield>
  <datafield tag="520" ind1=" " ind2=" ">
    <subfield code="a">The myth of the peace-loving "noble savage" is persistent and pernicious. Indeed, for the last fifty years, most popular and scholarly works have agreed that prehistoric warfare was rare, harmless, unimportant, and, like smallpox, a disease of civilized societies alone. Prehistoric warfare, according to this view, was little more than a ritualized game, where casualties were limited and the effects of aggression relatively mild. Lawrence Keeley's groundbreaking War Before Civilization offers a devastating rebuttal to such comfortable myths and debunks the notion that warfare was introduced to primitive societies through contact with civilization (an idea he denounces as "the pacification of the past").</subfield>
  </datafield>
  <datafield tag="520" ind1="8" ind2=" ">
    <subfield code="a">Building on much fascinating archeological and historical research and offering an astute comparison of warfare in civilized and prehistoric societies, from modern European nations to the Plains Indians of North America, War Before Civilization convincingly demonstrates that prehistoric warfare was in fact more deadly, more frequent, and more ruthless than modern war. To support this point, Keeley provides a wide-ranging look at warfare and brutality in the prehistoric world.</subfield>
  </datafield>
  <datafield tag="650" ind1=" " ind2="0">
    <subfield code="a">Warfare, Prehistoric.</subfield>
    <subfield code="0">http://id.loc.gov/authorities/subjects/sh92006665</subfield>
  </datafield>
  <datafield tag="650" ind1=" " ind2="7">
    <subfield code="a">Warfare, Prehistoric.</subfield>
    <subfield code="2">fast</subfield>
    <subfield code="0">http://id.worldcat.org/fast/1170800</subfield>
  </datafield>
  <datafield tag="650" ind1=" " ind2="0">
    <subfield code="a">Fortification, Prehistoric.</subfield>
    <subfield code="0">http://id.loc.gov/authorities/subjects/sh85050977</subfield>
  </datafield>
  <datafield tag="650" ind1=" " ind2="7">
    <subfield code="a">Fortification, Prehistoric.</subfield>
    <subfield code="2">fast</subfield>
    <subfield code="0">http://id.worldcat.org/fast/933043</subfield>
  </datafield>
  <datafield tag="650" ind1=" " ind2="0">
    <subfield code="a">Weapons, Prehistoric.</subfield>
    <subfield code="0">http://id.loc.gov/authorities/subjects/sh86006303</subfield>
  </datafield>
  <datafield tag="650" ind1=" " ind2="7">
    <subfield code="a">Weapons, Prehistoric.</subfield>
    <subfield code="2">fast</subfield>
    <subfield code="0">http://id.worldcat.org/fast/1173080</subfield>
  </datafield>
  <datafield tag="902" ind1=" " ind2=" ">
    <subfield code="a">161214</subfield>
  </datafield>
  <datafield tag="902" ind1=" " ind2=" ">
    <subfield code="a">MARCIVE-BF 20190703</subfield>
  </datafield>
  <datafield tag="904" ind1=" " ind2=" ">
    <subfield code="a">MARCIVE 20190703</subfield>
  </datafield>
  <datafield tag="907" ind1=" " ind2=" ">
    <subfield code="a">.b17195780</subfield>
    <subfield code="b">multi</subfield>
    <subfield code="c">-</subfield>
  </datafield>
  <datafield tag="915" ind1=" " ind2=" ">
    <subfield code="a">45009</subfield>
  </datafield>
  <datafield tag="935" ind1=" " ind2=" ">
    <subfield code="a">00783047</subfield>
  </datafield>
  <datafield tag="945" ind1=" " ind2=" ">
    <subfield code="l">astk </subfield>
    <subfield code="g">1</subfield>
  </datafield>
  <datafield tag="945" ind1=" " ind2=" ">
    <subfield code="l">jtcas</subfield>
    <subfield code="g">1</subfield>
  </datafield>
  <datafield tag="945" ind1=" " ind2=" ">
    <subfield code="l">pstk </subfield>
    <subfield code="g">1</subfield>
  </datafield>
  <datafield tag="979" ind1=" " ind2=" ">
    <subfield code="a">ocm30158105</subfield>
  </datafield>
  <datafield tag="998" ind1=" " ind2=" ">
    <subfield code="b">4</subfield>
    <subfield code="c">990101</subfield>
    <subfield code="d">m</subfield>
    <subfield code="e">a</subfield>
    <subfield code="f">-</subfield>
    <subfield code="g">0</subfield>
  </datafield>
  <datafield tag="ADM" ind1=" " ind2=" ">
    <subfield code="b">2020-02-13 09:49:33</subfield>
    <subfield code="e">b17195780-01tuli_inst</subfield>
    <subfield code="d">MARCIVE</subfield>
    <subfield code="f">20190607211430.0</subfield>
    <subfield code="a">2017-06-20 07:03:54</subfield>
    <subfield code="c">false</subfield>
  </datafield>
  <datafield tag="HLD" ind1="0" ind2=" ">
    <subfield code="b">AMBLER</subfield>
    <subfield code="c">stacks</subfield>
    <subfield code="h">GN799.W26</subfield>
    <subfield code="i">K44 1996</subfield>
    <subfield code="8">22260140810003811</subfield>
    <subfield code="created">2017-06-20 07:03:54</subfield>
  </datafield>
  <datafield tag="HLD" ind1="0" ind2=" ">
    <subfield code="b">MAIN</subfield>
    <subfield code="c">stacks</subfield>
    <subfield code="h">GN799.W26</subfield>
    <subfield code="i">K44 1996</subfield>
    <subfield code="8">22260140850003811</subfield>
    <subfield code="created">2017-06-20 07:03:54</subfield>
  </datafield>
  <datafield tag="HLD" ind1="0" ind2=" ">
    <subfield code="b">JAPAN</subfield>
    <subfield code="c">stacks</subfield>
    <subfield code="h">GN799.W26</subfield>
    <subfield code="i">K44 1996</subfield>
    <subfield code="8">22260140880003811</subfield>
    <subfield code="created">2017-06-20 07:03:54</subfield>
  </datafield>
  <datafield tag="ITM" ind1=" " ind2=" ">
    <subfield code="r">22260140810003811</subfield>
    <subfield code="b">0</subfield>
    <subfield code="h">0</subfield>
    <subfield code="g">stacks</subfield>
    <subfield code="t">BOOK</subfield>
    <subfield code="9">39074028701357</subfield>
    <subfield code="e">stacks</subfield>
    <subfield code="8">23260140790003811</subfield>
    <subfield code="a">0</subfield>
    <subfield code="i">GN799.W26 K44 1996</subfield>
    <subfield code="updated">2020-02-26 17:07:40</subfield>
    <subfield code="u">LOAN</subfield>
    <subfield code="q">2017-06-20 07:03:54</subfield>
    <subfield code="d">AMBLER</subfield>
    <subfield code="f">AMBLER</subfield>
  </datafield>
  <datafield tag="ITM" ind1=" " ind2=" ">
    <subfield code="r">22260140880003811</subfield>
    <subfield code="b">1</subfield>
    <subfield code="h">0</subfield>
    <subfield code="g">stacks</subfield>
    <subfield code="t">BOOK</subfield>
    <subfield code="9">31982060181825</subfield>
    <subfield code="e">stacks</subfield>
    <subfield code="8">23260140860003811</subfield>
    <subfield code="a">0</subfield>
    <subfield code="i">GN799.W26 K44 1996</subfield>
    <subfield code="updated">2017-06-20 07:04:31</subfield>
    <subfield code="q">2017-06-20 07:03:54</subfield>
    <subfield code="d">JAPAN</subfield>
    <subfield code="f">JAPAN</subfield>
  </datafield>
  <datafield tag="ITM" ind1=" " ind2=" ">
    <subfield code="r">22260140850003811</subfield>
    <subfield code="b">1</subfield>
    <subfield code="h">0</subfield>
    <subfield code="g">stacks</subfield>
    <subfield code="t">BOOK</subfield>
    <subfield code="9">39074010044246</subfield>
    <subfield code="e">stacks</subfield>
    <subfield code="8">23260140820003811</subfield>
    <subfield code="a">0</subfield>
    <subfield code="i">GN799.W26 K44 1996</subfield>
    <subfield code="updated">2020-03-13 22:42:45</subfield>
    <subfield code="q">2017-06-20 07:03:54</subfield>
    <subfield code="d">MAIN</subfield>
    <subfield code="f">MAIN</subfield>
  </datafield>
</record>