
<record>
  <leader>08415cam a2200697 i 4500</leader>
  <controlfield tag="005">20190715190659.0</controlfield>
  <controlfield tag="008">160923t20172017caua     b    001 0 eng  </controlfield>
  <controlfield tag="001">991036833109803811</controlfield>
  <datafield tag="010" ind1=" " ind2=" ">
    <subfield code="a">  2016027635</subfield>
  </datafield>
  <datafield tag="020" ind1=" " ind2=" ">
    <subfield code="a">9781440849923</subfield>
    <subfield code="q">(set)</subfield>
    <subfield code="q">(alk. paper)</subfield>
  </datafield>
  <datafield tag="020" ind1=" " ind2=" ">
    <subfield code="a">1440849927</subfield>
    <subfield code="q">(set)</subfield>
    <subfield code="q">(alk. paper)</subfield>
  </datafield>
  <datafield tag="020" ind1=" " ind2=" ">
    <subfield code="a">9781440849947</subfield>
    <subfield code="q">(volume 1)</subfield>
    <subfield code="q">(alk. paper)</subfield>
  </datafield>
  <datafield tag="020" ind1=" " ind2=" ">
    <subfield code="a">1440849943</subfield>
    <subfield code="q">(volume 1)</subfield>
    <subfield code="q">(alk. paper)</subfield>
  </datafield>
  <datafield tag="020" ind1=" " ind2=" ">
    <subfield code="a">9781440849954</subfield>
    <subfield code="q">(volume 2)</subfield>
    <subfield code="q">(alk. paper)</subfield>
  </datafield>
  <datafield tag="020" ind1=" " ind2=" ">
    <subfield code="a">1440849951</subfield>
    <subfield code="q">(volume 2)</subfield>
    <subfield code="q">(alk. paper)</subfield>
  </datafield>
  <datafield tag="020" ind1=" " ind2=" ">
    <subfield code="z">9781440849930</subfield>
    <subfield code="q">(set)</subfield>
    <subfield code="q">(ebk)</subfield>
  </datafield>
  <datafield tag="020" ind1=" " ind2=" ">
    <subfield code="z">1440849935</subfield>
    <subfield code="q">(set)</subfield>
    <subfield code="q">(ebk)</subfield>
  </datafield>
  <datafield tag="035" ind1=" " ind2=" ">
    <subfield code="a">(OCoLC)959372431</subfield>
  </datafield>
  <datafield tag="035" ind1=" " ind2=" ">
    <subfield code="a">(OCoLC)ocn959372431</subfield>
  </datafield>
  <datafield tag="040" ind1=" " ind2=" ">
    <subfield code="a">DLC</subfield>
    <subfield code="b">eng</subfield>
    <subfield code="e">rda</subfield>
    <subfield code="c">DLC</subfield>
    <subfield code="d">OCLCF</subfield>
    <subfield code="d">YDX</subfield>
    <subfield code="d">NKM</subfield>
    <subfield code="d">NYP</subfield>
    <subfield code="d">OBE</subfield>
    <subfield code="d">OCLCO</subfield>
    <subfield code="d">CTX</subfield>
    <subfield code="d">ZCY</subfield>
    <subfield code="d">IUL</subfield>
    <subfield code="d">CHVBK</subfield>
    <subfield code="d">OCLCO</subfield>
    <subfield code="d">KPS</subfield>
  </datafield>
  <datafield tag="042" ind1=" " ind2=" ">
    <subfield code="a">pcc</subfield>
  </datafield>
  <datafield tag="043" ind1=" " ind2=" ">
    <subfield code="a">n-us---</subfield>
  </datafield>
  <datafield tag="050" ind1="0" ind2="0">
    <subfield code="a">E184.A1</subfield>
    <subfield code="b">R293 2017</subfield>
  </datafield>
  <datafield tag="082" ind1="0" ind2="0">
    <subfield code="a">305.800973</subfield>
    <subfield code="2">23</subfield>
  </datafield>
  <datafield tag="090" ind1=" " ind2=" ">
    <subfield code="a">E184.A1</subfield>
    <subfield code="b">R293 2017</subfield>
  </datafield>
  <datafield tag="245" ind1="0" ind2="0">
    <subfield code="a">Race in America :</subfield>
    <subfield code="b">how a pseudoscientific concept shaped human interaction /</subfield>
    <subfield code="c">Patricia Reid-Merritt, editor ; foreword by Julianne Melveaux.</subfield>
  </datafield>
  <datafield tag="264" ind1=" " ind2="1">
    <subfield code="a">Santa Barbara, California :</subfield>
    <subfield code="b">Praeger, an imprint of ABC-CLIO, LLC,</subfield>
    <subfield code="c">[2017]</subfield>
  </datafield>
  <datafield tag="264" ind1=" " ind2="4">
    <subfield code="c">&#xA9;2017</subfield>
  </datafield>
  <datafield tag="300" ind1=" " ind2=" ">
    <subfield code="a">2 volumes :</subfield>
    <subfield code="b">illustrations ;</subfield>
    <subfield code="c">25 cm</subfield>
  </datafield>
  <datafield tag="336" ind1=" " ind2=" ">
    <subfield code="a">text</subfield>
    <subfield code="b">txt</subfield>
    <subfield code="2">rdacontent</subfield>
  </datafield>
  <datafield tag="337" ind1=" " ind2=" ">
    <subfield code="a">unmediated</subfield>
    <subfield code="b">n</subfield>
    <subfield code="2">rdamedia</subfield>
  </datafield>
  <datafield tag="338" ind1=" " ind2=" ">
    <subfield code="a">volume</subfield>
    <subfield code="b">nc</subfield>
    <subfield code="2">rdacarrier</subfield>
  </datafield>
  <datafield tag="504" ind1=" " ind2=" ">
    <subfield code="a">Includes bibliographical references and index.</subfield>
  </datafield>
  <datafield tag="505" ind1="0" ind2="0">
    <subfield code="g">Volume I.</subfield>
    <subfield code="g">Part I.</subfield>
    <subfield code="t">Defining Race : The Pseudoscientific Concept:</subfield>
    <subfield code="g">1.Race in America : social constructs and social realities: an introduction /</subfield>
    <subfield code="r">Patricia Reid-Merritt ;</subfield>
    <subfield code="g">2.</subfield>
    <subfield code="t">Revisiting race and racism : a critical examination of a pathology of oppression /</subfield>
    <subfield code="r">Maulana Karenga ;</subfield>
    <subfield code="g">3.</subfield>
    <subfield code="t">Race and racism in American society : evolution toward new thought /</subfield>
    <subfield code="r">Molefi Kete Asante ;</subfield>
    <subfield code="g">4.</subfield>
    <subfield code="t">Socially misconstrued usage of the racial concept in contemporary America /</subfield>
    <subfield code="r">Barbara Alice Mann ;</subfield>
    <subfield code="g">5.</subfield>
    <subfield code="t">Race, ethnicity, and culture /</subfield>
    <subfield code="r">Barbara Alice Mann --</subfield>
    <subfield code="g">Part II.</subfield>
    <subfield code="t">Defining Ourselves:</subfield>
    <subfield code="g">6.</subfield>
    <subfield code="t">Crafting the color line: the development of racial identity in American jurisprudence /</subfield>
    <subfield code="r">Erica F. Cooper ;</subfield>
    <subfield code="g">7.</subfield>
    <subfield code="t">Race and social identity in the Obama age : a view from behind the veil /</subfield>
    <subfield code="r">Mark Christian ;</subfield>
    <subfield code="g">8.</subfield>
    <subfield code="t">Race and social privilege in America /</subfield>
    <subfield code="r">Beverly M. John ;</subfield>
    <subfield code="g">9.</subfield>
    <subfield code="t">Hispanic/Latino identity as racial misnomer /</subfield>
    <subfield code="r">Justin D. Garci&#x301;a;</subfield>
    <subfield code="g">10.</subfield>
    <subfield code="t">Who and what are American Indians? /</subfield>
    <subfield code="r">Jon Allan Reyhner --</subfield>
    <subfield code="g">Part III.</subfield>
    <subfield code="t">Conversations on Race:</subfield>
    <subfield code="g">11.</subfield>
    <subfield code="t">America : the miscegenous nation /</subfield>
    <subfield code="r">John Thomas Mills and DeMond Shondell Miller ;</subfield>
    <subfield code="g">12.</subfield>
    <subfield code="t">Teaching about race and racism : preparing future generations /</subfield>
    <subfield code="r">Tema Okun ;</subfield>
    <subfield code="g">13.</subfield>
    <subfield code="t">Success matters : reconceptualizing schools free from institutionalized racism and capitalistic constructs /</subfield>
    <subfield code="r">Candice Jimerson-Johnson, Larry Canady, and Edom Leuleseged.</subfield>
  </datafield>
  <datafield tag="505" ind1="0" ind2="0">
    <subfield code="g">Volume II.</subfield>
    <subfield code="g">Part IV.</subfield>
    <subfield code="t">Contemporary Manifestations:</subfield>
    <subfield code="g">1.</subfield>
    <subfield code="t">. Race and the quest for U.S. citizenship : birthright restrictionism and American constitutionalism /</subfield>
    <subfield code="r">Michael S. Rodriguez ;</subfield>
    <subfield code="g">2.</subfield>
    <subfield code="t">Reparations as social polity : HR 40 and the debate over the study of reparations for slavery, Jim Crow, and continuing discrimination /</subfield>
    <subfield code="r">Zachery Williams ;</subfield>
    <subfield code="g">3.</subfield>
    <subfield code="t">Legal perspectives on race /</subfield>
    <subfield code="r">Natsu Taylor Saito ;</subfield>
    <subfield code="g">4.</subfield>
    <subfield code="t">Race and social justice /</subfield>
    <subfield code="r">Laurence Armand French ;</subfield>
    <subfield code="g">5.</subfield>
    <subfield code="t">Perpetuation of racial and ethnic stereotypes in American media /</subfield>
    <subfield code="r">Donnetrice C. Allison --</subfield>
    <subfield code="g">Part V.</subfield>
    <subfield code="t">Controversial Issues on Race and Racism:</subfield>
    <subfield code="g">6.</subfield>
    <subfield code="t">Holding the line : the challenge of passing a racial profiling bill in California /</subfield>
    <subfield code="r">Shirley N. Weber ;</subfield>
    <subfield code="g">7.</subfield>
    <subfield code="t">Colorism and favoritism : an examination of skin tone bias and discrimination in the United States /</subfield>
    <subfield code="r">JeffriAnne Wilder ;</subfield>
    <subfield code="g">8.</subfield>
    <subfield code="t">Race and social desirability : love, lust, and marriage /</subfield>
    <subfield code="r">Ying Ma ;</subfield>
    <subfield code="g">9.</subfield>
    <subfield code="t">Color of mass incarceration /</subfield>
    <subfield code="r">Daniel J. Mallinson ;</subfield>
    <subfield code="g">10.</subfield>
    <subfield code="t">Why Black Lives Matter : race and social reality for African Americans in the 21st century /</subfield>
    <subfield code="r">Bishop Dwayne Royster and Stephen Ray --</subfield>
    <subfield code="g">Part VI.</subfield>
    <subfield code="t">Future of Race:</subfield>
    <subfield code="g">11.</subfield>
    <subfield code="t">Mythology of postracial America : on the shadowy color line in the 21st century /</subfield>
    <subfield code="r">Bevery Tomek and Justin Bell.</subfield>
  </datafield>
  <datafield tag="520" ind1=" " ind2=" ">
    <subfield code="a">Focusing on the socially explosive concept of race and how it has affected human interactions, this work examines the social and scientific definitions of race, the implementation of racialized policies and practices, the historical and contemporary manifestations of the use of race in shaping social interactions within U.S. society and elsewhere, and where our notions of race will likely lead. More than a decade and a half into the 21st century, the term "race" remains one of the most emotionally charged words in the human language. While race can be defined as "a local geographic or global human population distinguished as a more or less distinct group by genetically transmitted physical characteristics," the concept of race can better be understood as a socially defined construct-a system of human classification that carries tremendous weight, yet is complex, confusing, contradictory, controversial, and imprecise. This collection of essays focuses on the socially explosive concept of race and how it has shaped human interactions across civilization. The contributed work examines the social and scientific definitions of race, the implementation of racialized policies and practices, and the historical and contemporary manifestations of the use of race in shaping social interactions (primarily) in the United States-a nation where the concept of race is further convoluted by the nation's extensive history of miscegenation as well as the continuous flow of immigrant groups from countries whose definitions of race, ethnicity, and culture remain fluid. Readers will gain insights into subjects such as how we as individuals define ourselves through concepts of race, how race affects social privilege, "color blindness" as an obstacle to social change, legal perspectives on race, racialization of the religious experience, and how the media perpetuates racial stereotypes. (Publisher).</subfield>
  </datafield>
  <datafield tag="520" ind1=" " ind2=" ">
    <subfield code="a">Book features: Addresses a poignant topic that is always controversial, relevant, and addressed in mainstream and social media ; Examines the various socio-historical factors that contribute to our understanding of race as a concept, enabling readers to appreciate how "definitions" of race are complex, confusing, contradictory, controversial, and imprecise ; Inspects contemporary manifestations of race in the United States with regard to specific contexts, such as the quest for U.S. citizenship, welfare services, the legislative process, capitalism, and the perpetuation of racial stereotypes in the media. (Publisher).</subfield>
  </datafield>
  <datafield tag="650" ind1=" " ind2="0">
    <subfield code="a">Race.</subfield>
    <subfield code="0">http://id.loc.gov/authorities/subjects/sh85110232</subfield>
  </datafield>
  <datafield tag="650" ind1=" " ind2="7">
    <subfield code="a">Race.</subfield>
    <subfield code="2">fast</subfield>
    <subfield code="0">http://id.worldcat.org/fast/1086436</subfield>
  </datafield>
  <datafield tag="650" ind1=" " ind2="0">
    <subfield code="a">Ethnicity</subfield>
    <subfield code="z">United States.</subfield>
    <subfield code="0">http://id.loc.gov/authorities/subjects/sh2008103184</subfield>
  </datafield>
  <datafield tag="650" ind1=" " ind2="0">
    <subfield code="a">Minorities</subfield>
    <subfield code="z">United States.</subfield>
    <subfield code="0">http://id.loc.gov/authorities/subjects/sh85085816</subfield>
  </datafield>
  <datafield tag="650" ind1=" " ind2="0">
    <subfield code="a">Group identity</subfield>
    <subfield code="z">United States.</subfield>
    <subfield code="0">http://id.loc.gov/authorities/subjects/sh2008105432</subfield>
  </datafield>
  <datafield tag="650" ind1="2" ind2="7">
    <subfield code="a">Ethnic relations.</subfield>
    <subfield code="2">fast</subfield>
    <subfield code="0">http://id.worldcat.org/fast/916005</subfield>
  </datafield>
  <datafield tag="650" ind1="2" ind2="7">
    <subfield code="a">History.</subfield>
    <subfield code="2">fast</subfield>
    <subfield code="0">http://id.worldcat.org/fast/958235</subfield>
  </datafield>
  <datafield tag="650" ind1="2" ind2="7">
    <subfield code="a">Race relations.</subfield>
    <subfield code="2">fast</subfield>
    <subfield code="0">http://id.worldcat.org/fast/1086509</subfield>
  </datafield>
  <datafield tag="650" ind1="1" ind2="7">
    <subfield code="a">Group identity.</subfield>
    <subfield code="2">fast</subfield>
    <subfield code="0">http://id.worldcat.org/fast/948442</subfield>
  </datafield>
  <datafield tag="650" ind1="1" ind2="7">
    <subfield code="a">Minorities.</subfield>
    <subfield code="2">fast</subfield>
    <subfield code="0">http://id.worldcat.org/fast/1023088</subfield>
  </datafield>
  <datafield tag="650" ind1="1" ind2="7">
    <subfield code="a">Ethnicity.</subfield>
    <subfield code="2">fast</subfield>
    <subfield code="0">http://id.worldcat.org/fast/916034</subfield>
  </datafield>
  <datafield tag="650" ind1=" " ind2="7">
    <subfield code="a">Ethnic relations.</subfield>
    <subfield code="2">fast</subfield>
    <subfield code="0">http://id.worldcat.org/fast/916005</subfield>
  </datafield>
  <datafield tag="650" ind1=" " ind2="7">
    <subfield code="a">Ethnicity.</subfield>
    <subfield code="2">fast</subfield>
    <subfield code="0">http://id.worldcat.org/fast/916034</subfield>
  </datafield>
  <datafield tag="650" ind1=" " ind2="7">
    <subfield code="a">Group identity.</subfield>
    <subfield code="2">fast</subfield>
    <subfield code="0">http://id.worldcat.org/fast/948442</subfield>
  </datafield>
  <datafield tag="650" ind1=" " ind2="7">
    <subfield code="a">Minorities.</subfield>
    <subfield code="2">fast</subfield>
    <subfield code="0">http://id.worldcat.org/fast/1023088</subfield>
  </datafield>
  <datafield tag="650" ind1=" " ind2="7">
    <subfield code="a">Race relations.</subfield>
    <subfield code="2">fast</subfield>
    <subfield code="0">http://id.worldcat.org/fast/1086509</subfield>
  </datafield>
  <datafield tag="650" ind1=" " ind2="7">
    <subfield code="a">Ethnische Beziehungen.</subfield>
    <subfield code="2">gnd</subfield>
  </datafield>
  <datafield tag="650" ind1=" " ind2="7">
    <subfield code="a">Rasse.</subfield>
    <subfield code="2">gnd</subfield>
  </datafield>
  <datafield tag="651" ind1=" " ind2="0">
    <subfield code="a">United States</subfield>
    <subfield code="x">Race relations</subfield>
    <subfield code="x">History.</subfield>
    <subfield code="0">http://id.loc.gov/authorities/subjects/sh2007100006</subfield>
  </datafield>
  <datafield tag="651" ind1=" " ind2="0">
    <subfield code="a">United States</subfield>
    <subfield code="x">Ethnic relations</subfield>
    <subfield code="x">History.</subfield>
    <subfield code="0">http://id.loc.gov/authorities/subjects/sh85140043</subfield>
    <subfield code="0">http://id.loc.gov/authorities/subjects/sh99005024</subfield>
  </datafield>
  <datafield tag="651" ind1=" " ind2="7">
    <subfield code="a">United States.</subfield>
    <subfield code="2">fast</subfield>
    <subfield code="0">http://id.worldcat.org/fast/1204155</subfield>
  </datafield>
  <datafield tag="651" ind1=" " ind2="7">
    <subfield code="a">USA.</subfield>
    <subfield code="2">gnd</subfield>
  </datafield>
  <datafield tag="651" ind1="1" ind2="7">
    <subfield code="a">United States.</subfield>
    <subfield code="2">fast</subfield>
    <subfield code="0">http://id.worldcat.org/fast/1204155</subfield>
  </datafield>
  <datafield tag="651" ind1="2" ind2="7">
    <subfield code="a">United States.</subfield>
    <subfield code="2">fast</subfield>
    <subfield code="0">http://id.worldcat.org/fast/1204155</subfield>
  </datafield>
  <datafield tag="655" ind1=" " ind2="7">
    <subfield code="a">History.</subfield>
    <subfield code="2">fast</subfield>
    <subfield code="0">http://id.worldcat.org/fast/1411628</subfield>
  </datafield>
  <datafield tag="776" ind1="0" ind2="8">
    <subfield code="i">Online version:</subfield>
    <subfield code="t">Race in America</subfield>
    <subfield code="d">Santa Barbara, California : Praeger, an imprint of ABC-CLIO, LLC, [2017]</subfield>
    <subfield code="z">9781440849930</subfield>
    <subfield code="w">(DLC)  2016044548</subfield>
  </datafield>
  <datafield tag="700" ind1="1" ind2=" ">
    <subfield code="a">Reid-Merritt, Patricia,</subfield>
    <subfield code="0">http://id.loc.gov/authorities/names/n96002234</subfield>
    <subfield code="e">editor.</subfield>
  </datafield>
  <datafield tag="700" ind1="1" ind2=" ">
    <subfield code="a">Malveaux, Julianne,</subfield>
    <subfield code="0">http://id.loc.gov/authorities/names/n80045420</subfield>
    <subfield code="e">writer of foreword.</subfield>
  </datafield>
  <datafield tag="902" ind1=" " ind2=" ">
    <subfield code="a">MARCIVE-BF 20190703</subfield>
  </datafield>
  <datafield tag="904" ind1=" " ind2=" ">
    <subfield code="a">MARCIVE 20200629</subfield>
  </datafield>
  <datafield tag="979" ind1=" " ind2=" ">
    <subfield code="a">ocn959372431</subfield>
  </datafield>
  <datafield tag="997" ind1=" " ind2=" ">
    <subfield code="a">20170911014808.0</subfield>
    <subfield code="c">TUJ</subfield>
    <subfield code="s">DLC</subfield>
  </datafield>
  <datafield tag="ADM" ind1=" " ind2=" ">
    <subfield code="b">2020-09-09 00:37:03</subfield>
    <subfield code="e">ocn959372431</subfield>
    <subfield code="d">MARCIVE</subfield>
    <subfield code="f">20190608053348.0</subfield>
    <subfield code="a">2017-09-11 05:54:27</subfield>
    <subfield code="c">false</subfield>
  </datafield>
  <datafield tag="HLD" ind1="0" ind2=" ">
    <subfield code="b">ASRS</subfield>
    <subfield code="c">ASRS</subfield>
    <subfield code="h"> E184.A1 </subfield>
    <subfield code="i"> R293 2017 </subfield>
    <subfield code="8">22465395840003811</subfield>
    <subfield code="updated">2019-05-03 21:14:25</subfield>
    <subfield code="created">2019-05-03 21:14:22</subfield>
  </datafield>
  <datafield tag="HLD" ind1="0" ind2=" ">
    <subfield code="b">JAPAN</subfield>
    <subfield code="c">stacks</subfield>
    <subfield code="h">E184.A1</subfield>
    <subfield code="i">R293 2017</subfield>
    <subfield code="8">22400110000003811</subfield>
    <subfield code="updated">2017-09-11 06:05:29</subfield>
    <subfield code="created">2017-09-11 05:55:00</subfield>
  </datafield>
  <datafield tag="HLD" ind1="0" ind2=" ">
    <subfield code="b">MAIN</subfield>
    <subfield code="c">stacks</subfield>
    <subfield code="h">E184.A1</subfield>
    <subfield code="i">R293 2017</subfield>
    <subfield code="8">22440028830003811</subfield>
    <subfield code="updated">2018-12-13 16:59:38</subfield>
    <subfield code="created">2018-12-13 16:59:38</subfield>
  </datafield>
  <datafield tag="ITM" ind1=" " ind2=" ">
    <subfield code="r">22440028830003811</subfield>
    <subfield code="b">1</subfield>
    <subfield code="h">0</subfield>
    <subfield code="g">stacks</subfield>
    <subfield code="t">BOOK</subfield>
    <subfield code="9">39074031712292</subfield>
    <subfield code="e">stacks</subfield>
    <subfield code="8">23440028820003811</subfield>
    <subfield code="a">0</subfield>
    <subfield code="i">E184.A1 R293 2017</subfield>
    <subfield code="updated">2019-12-02 20:27:23</subfield>
    <subfield code="c">v.1</subfield>
    <subfield code="q">2018-12-13 16:59:38</subfield>
    <subfield code="d">MAIN</subfield>
    <subfield code="f">MAIN</subfield>
  </datafield>
  <datafield tag="ITM" ind1=" " ind2=" ">
    <subfield code="r">22465395840003811</subfield>
    <subfield code="b">1</subfield>
    <subfield code="h">0</subfield>
    <subfield code="g">storage</subfield>
    <subfield code="t">BOOK</subfield>
    <subfield code="9">39074031712755</subfield>
    <subfield code="e">ASRS</subfield>
    <subfield code="8">23439988890003811</subfield>
    <subfield code="a">0</subfield>
    <subfield code="i">E184.A1 R293 2017</subfield>
    <subfield code="updated">2019-08-24 14:20:34</subfield>
    <subfield code="c">v.2</subfield>
    <subfield code="q">2018-12-18 13:31:41</subfield>
    <subfield code="d">ASRS</subfield>
    <subfield code="f">MAIN</subfield>
  </datafield>
  <datafield tag="ITM" ind1=" " ind2=" ">
    <subfield code="r">22400110000003811</subfield>
    <subfield code="b">1</subfield>
    <subfield code="h">0</subfield>
    <subfield code="g">stacks</subfield>
    <subfield code="t">BOOK</subfield>
    <subfield code="9">31982070492931</subfield>
    <subfield code="e">stacks</subfield>
    <subfield code="8">23400109970003811</subfield>
    <subfield code="a">0</subfield>
    <subfield code="i">E184.A1 R293 2017</subfield>
    <subfield code="updated">2020-09-05 02:23:31</subfield>
    <subfield code="c">v. 2</subfield>
    <subfield code="q">2017-09-11 06:04:06</subfield>
    <subfield code="d">JAPAN</subfield>
    <subfield code="f">JAPAN</subfield>
  </datafield>
  <datafield tag="ITM" ind1=" " ind2=" ">
    <subfield code="r">22400110000003811</subfield>
    <subfield code="b">1</subfield>
    <subfield code="h">0</subfield>
    <subfield code="g">stacks</subfield>
    <subfield code="t">BOOK</subfield>
    <subfield code="9">31982070493160</subfield>
    <subfield code="e">stacks</subfield>
    <subfield code="8">23400109980003811</subfield>
    <subfield code="a">0</subfield>
    <subfield code="i">E184.A1 R293 2017</subfield>
    <subfield code="updated">2020-09-05 02:23:22</subfield>
    <subfield code="c">v. 1</subfield>
    <subfield code="q">2017-09-11 05:55:35</subfield>
    <subfield code="d">JAPAN</subfield>
    <subfield code="f">JAPAN</subfield>
  </datafield>
</record>