
<record>
  <leader>03731cam a2200649Ii 4500</leader>
  <controlfield tag="005">20200901094533.0</controlfield>
  <controlfield tag="008">191217t20202020nyu    e b    001 0 eng d</controlfield>
  <controlfield tag="001">991037393997903811</controlfield>
  <datafield tag="019" ind1=" " ind2=" ">
    <subfield code="a">1143391563</subfield>
    <subfield code="a">1165395521</subfield>
    <subfield code="a">1174553489</subfield>
  </datafield>
  <datafield tag="020" ind1=" " ind2=" ">
    <subfield code="a">9781620975459</subfield>
    <subfield code="q">(hardcover)</subfield>
  </datafield>
  <datafield tag="020" ind1=" " ind2=" ">
    <subfield code="a">1620975459</subfield>
    <subfield code="q">(hardcover)</subfield>
  </datafield>
  <datafield tag="020" ind1=" " ind2=" ">
    <subfield code="a">9781620971932</subfield>
    <subfield code="q">(paperback)</subfield>
  </datafield>
  <datafield tag="020" ind1=" " ind2=" ">
    <subfield code="a">1620971933</subfield>
    <subfield code="q">(paperback)</subfield>
  </datafield>
  <datafield tag="020" ind1=" " ind2=" ">
    <subfield code="z">9781620971949 (ebook)</subfield>
  </datafield>
  <datafield tag="035" ind1=" " ind2=" ">
    <subfield code="a">(OCoLC)1132431777</subfield>
  </datafield>
  <datafield tag="040" ind1=" " ind2=" ">
    <subfield code="a">BDP</subfield>
    <subfield code="b">eng</subfield>
    <subfield code="e">rda</subfield>
    <subfield code="c">BDP</subfield>
    <subfield code="d">JTH</subfield>
    <subfield code="d">OI6</subfield>
    <subfield code="d">TCH</subfield>
    <subfield code="d">NJR</subfield>
    <subfield code="d">IK2</subfield>
    <subfield code="d">NJR</subfield>
    <subfield code="d">OCLCF</subfield>
    <subfield code="d">TYV</subfield>
    <subfield code="d">OCO</subfield>
    <subfield code="d">VP@</subfield>
    <subfield code="d">ILC</subfield>
    <subfield code="d">JYJ</subfield>
    <subfield code="d">O$M</subfield>
    <subfield code="d">OCLCO</subfield>
    <subfield code="d">RB0</subfield>
    <subfield code="d">PJW</subfield>
    <subfield code="d">OCL</subfield>
    <subfield code="d">TXSCH</subfield>
    <subfield code="d">CTU</subfield>
  </datafield>
  <datafield tag="043" ind1=" " ind2=" ">
    <subfield code="a">n-us---</subfield>
  </datafield>
  <datafield tag="050" ind1="0" ind2="0">
    <subfield code="a">HV9950</subfield>
    <subfield code="b">.A437 2020</subfield>
  </datafield>
  <datafield tag="082" ind1="0" ind2="4">
    <subfield code="a">364.973</subfield>
    <subfield code="2">22</subfield>
  </datafield>
  <datafield tag="100" ind1="1" ind2=" ">
    <subfield code="a">Alexander, Michelle,</subfield>
    <subfield code="e">author.</subfield>
  </datafield>
  <datafield tag="245" ind1="1" ind2="4">
    <subfield code="a">The new Jim Crow :</subfield>
    <subfield code="b">mass incarceration in the age of colorblindness /</subfield>
    <subfield code="c">Michelle Alexander.</subfield>
  </datafield>
  <datafield tag="246" ind1="3" ind2="0">
    <subfield code="a">Mass incarceration in the age of colorblindness</subfield>
  </datafield>
  <datafield tag="250" ind1=" " ind2=" ">
    <subfield code="a">Tenth anniversary edition.</subfield>
  </datafield>
  <datafield tag="264" ind1=" " ind2="1">
    <subfield code="a">New York :</subfield>
    <subfield code="b">New Press,</subfield>
    <subfield code="c">[2020]</subfield>
  </datafield>
  <datafield tag="264" ind1=" " ind2="4">
    <subfield code="c">&#xA9;2020</subfield>
  </datafield>
  <datafield tag="300" ind1=" " ind2=" ">
    <subfield code="a">xlix, 377 pages ;</subfield>
    <subfield code="c">23 cm</subfield>
  </datafield>
  <datafield tag="336" ind1=" " ind2=" ">
    <subfield code="a">text</subfield>
    <subfield code="b">txt</subfield>
    <subfield code="2">rdacontent</subfield>
  </datafield>
  <datafield tag="337" ind1=" " ind2=" ">
    <subfield code="a">unmediated</subfield>
    <subfield code="b">n</subfield>
    <subfield code="2">rdamedia</subfield>
  </datafield>
  <datafield tag="338" ind1=" " ind2=" ">
    <subfield code="a">volume</subfield>
    <subfield code="b">nc</subfield>
    <subfield code="2">rdacarrier</subfield>
  </datafield>
  <datafield tag="500" ind1=" " ind2=" ">
    <subfield code="a">"Preface to the Tenth Anniversary Edition &#xA9;2020 by Michelle Alexander."--Title page verso.</subfield>
  </datafield>
  <datafield tag="504" ind1=" " ind2=" ">
    <subfield code="a">Includes bibliographical references (pages 331-364) and index.</subfield>
  </datafield>
  <datafield tag="505" ind1="0" ind2=" ">
    <subfield code="a">The rebirth of caste -- The lockdown -- The color of justice -- The cruel hand -- The new Jim Crow -- The fire this time.</subfield>
  </datafield>
  <datafield tag="520" ind1=" " ind2=" ">
    <subfield code="a">"Seldom does a book have the impact of The New Jim Crow. Since it was first published in 2010, it has been the winner of numerous awards and has spent nearly 250 weeks on the New York Times bestseller list. It has been cited in judicial decisions, read in countless faith-based and secular book clubs, and adopted in campus-wide and community-wide reads. Most important, it has inspired artists, philanthropists, policymakers, community leaders, and a whole generation of racial justice activists motivated by Michelle Alexander's searing indictment of our criminal justice system and her unforgettable argument that 'we have not ended racial caste in America; we have merely redesigned it'"--Back cover.</subfield>
  </datafield>
  <datafield tag="650" ind1=" " ind2="0">
    <subfield code="a">Racism in criminology</subfield>
    <subfield code="z">United States.</subfield>
  </datafield>
  <datafield tag="650" ind1=" " ind2="0">
    <subfield code="a">Criminal justice, Administration of</subfield>
    <subfield code="z">United States.</subfield>
  </datafield>
  <datafield tag="650" ind1=" " ind2="0">
    <subfield code="a">Discrimination in criminal justice administration</subfield>
    <subfield code="z">United States.</subfield>
  </datafield>
  <datafield tag="650" ind1=" " ind2="0">
    <subfield code="a">African American prisoners</subfield>
    <subfield code="z">United States.</subfield>
  </datafield>
  <datafield tag="650" ind1=" " ind2="0">
    <subfield code="a">African American men</subfield>
    <subfield code="x">Social conditions.</subfield>
  </datafield>
  <datafield tag="650" ind1=" " ind2="0">
    <subfield code="a">Race discrimination</subfield>
    <subfield code="z">United States.</subfield>
  </datafield>
  <datafield tag="651" ind1=" " ind2="0">
    <subfield code="a">United States</subfield>
    <subfield code="x">Race relations.</subfield>
  </datafield>
  <datafield tag="650" ind1=" " ind2="0">
    <subfield code="a">African Americans</subfield>
    <subfield code="x">Legal status, laws, etc.</subfield>
  </datafield>
  <datafield tag="650" ind1=" " ind2="0">
    <subfield code="a">African Americans</subfield>
    <subfield code="x">Segregation</subfield>
    <subfield code="x">History.</subfield>
  </datafield>
  <datafield tag="650" ind1=" " ind2="7">
    <subfield code="a">Racism in criminology.</subfield>
    <subfield code="2">fast</subfield>
    <subfield code="0">(OCoLC)fst01740493</subfield>
  </datafield>
  <datafield tag="650" ind1=" " ind2="7">
    <subfield code="a">African Americans</subfield>
    <subfield code="x">Segregation.</subfield>
    <subfield code="2">fast</subfield>
    <subfield code="0">(OCoLC)fst00799695</subfield>
  </datafield>
  <datafield tag="650" ind1=" " ind2="7">
    <subfield code="a">African Americans</subfield>
    <subfield code="x">Legal status, laws, etc.</subfield>
    <subfield code="2">fast</subfield>
    <subfield code="0">(OCoLC)fst00799632</subfield>
  </datafield>
  <datafield tag="650" ind1=" " ind2="7">
    <subfield code="a">African American men</subfield>
    <subfield code="x">Social conditions.</subfield>
    <subfield code="2">fast</subfield>
    <subfield code="0">(OCoLC)fst00799254</subfield>
  </datafield>
  <datafield tag="650" ind1=" " ind2="7">
    <subfield code="a">African American prisoners.</subfield>
    <subfield code="2">fast</subfield>
    <subfield code="0">(OCoLC)fst00799317</subfield>
  </datafield>
  <datafield tag="650" ind1=" " ind2="7">
    <subfield code="a">Criminal justice, Administration of.</subfield>
    <subfield code="2">fast</subfield>
    <subfield code="0">(OCoLC)fst00883246</subfield>
  </datafield>
  <datafield tag="650" ind1=" " ind2="7">
    <subfield code="a">Discrimination in criminal justice administration.</subfield>
    <subfield code="2">fast</subfield>
    <subfield code="0">(OCoLC)fst00895034</subfield>
  </datafield>
  <datafield tag="650" ind1=" " ind2="7">
    <subfield code="a">Race discrimination.</subfield>
    <subfield code="2">fast</subfield>
    <subfield code="0">(OCoLC)fst01086465</subfield>
  </datafield>
  <datafield tag="650" ind1=" " ind2="7">
    <subfield code="a">Race relations.</subfield>
    <subfield code="2">fast</subfield>
    <subfield code="0">(OCoLC)fst01086509</subfield>
  </datafield>
  <datafield tag="651" ind1=" " ind2="7">
    <subfield code="a">United States.</subfield>
    <subfield code="2">fast</subfield>
    <subfield code="0">(OCoLC)fst01204155</subfield>
  </datafield>
  <datafield tag="655" ind1=" " ind2="7">
    <subfield code="a">Law for laypersons.</subfield>
    <subfield code="2">fast</subfield>
    <subfield code="0">(OCoLC)fst01774275</subfield>
  </datafield>
  <datafield tag="655" ind1=" " ind2="7">
    <subfield code="a">Instructional and educational works.</subfield>
    <subfield code="2">fast</subfield>
    <subfield code="0">(OCoLC)fst01919931</subfield>
  </datafield>
  <datafield tag="655" ind1=" " ind2="7">
    <subfield code="a">History.</subfield>
    <subfield code="2">fast</subfield>
    <subfield code="0">(OCoLC)fst01411628</subfield>
  </datafield>
  <datafield tag="979" ind1=" " ind2=" ">
    <subfield code="a">(OCoLC)1132431777</subfield>
  </datafield>
  <datafield tag="997" ind1=" " ind2=" ">
    <subfield code="a">20200824103530.0</subfield>
    <subfield code="c">YL</subfield>
    <subfield code="d">TEU</subfield>
    <subfield code="s">OCLC</subfield>
    <subfield code="e">WCAT</subfield>
  </datafield>
  <datafield tag="ADM" ind1=" " ind2=" ">
    <subfield code="b">2020-10-26 10:13:58</subfield>
    <subfield code="e">991037393997903811</subfield>
    <subfield code="d">OCLC</subfield>
    <subfield code="f">20200824103738.0</subfield>
    <subfield code="a">2020-02-18 20:26:52</subfield>
    <subfield code="c">false</subfield>
  </datafield>
  <datafield tag="HLD" ind1="0" ind2=" ">
    <subfield code="b">AMBLER</subfield>
    <subfield code="c">stacks</subfield>
    <subfield code="h">HV9950</subfield>
    <subfield code="i">.A437 2020</subfield>
    <subfield code="8">22495659320003811</subfield>
    <subfield code="updated">2020-08-24 14:38:27</subfield>
    <subfield code="created">2020-02-18 20:27:37</subfield>
  </datafield>
  <datafield tag="ITM" ind1=" " ind2=" ">
    <subfield code="r">22495659320003811</subfield>
    <subfield code="b">0</subfield>
    <subfield code="h">0</subfield>
    <subfield code="g">aleisure</subfield>
    <subfield code="t">BOOK</subfield>
    <subfield code="9">39074031837560</subfield>
    <subfield code="e">stacks</subfield>
    <subfield code="l">0</subfield>
    <subfield code="8">23495659310003811</subfield>
    <subfield code="a">0</subfield>
    <subfield code="i">HV9950 .A437 2020</subfield>
    <subfield code="updated">2020-10-17 20:09:26</subfield>
    <subfield code="u">LOAN</subfield>
    <subfield code="q">2020-02-18 20:27:37</subfield>
    <subfield code="d">AMBLER</subfield>
    <subfield code="f">AMBLER</subfield>
  </datafield>
</record>
</collection>
